2084 3192
850 136 957 181 V111
988 141 1029 192 6,
1054 149 1168 182 8—8.
1748 136 1854 189 297

167 257 378 311 vitiosis
416 257 732 311 libidinibus
771 257 928 326 capti,
967 261 1020 310 et
1058 257 1390 326 praeposteri
1430 257 1627 310 amoris
1666 257 1857 310 studiis

169 331 438 401 occupati,
492 335 719 386 mortem
780 332 883 384 sibi
937 331 1131 384 inferre
1185 334 1465 402 coguntur.
1547 329 1859 384 Nascuntur

169 406 331 458 etiam
386 424 451 458 ex
490 407 608 459 -hoc
662 406 831 458 sidere
884 409 1128 475 pastores
1175 405 1373 473 ovium,
1412 405 1504 458 sed
1550 406 1643 473 qui
1680 405 1858 458 fistula

168 480 356 532 rustici
419 479 667 533 carminis
737 479 916 532 dulces
984 480 1170 532 modos
1232 479 1427 532 dicant.
1532 477 1597 530 In
1658 477 1856 532 Arietis
1875 477 1925 533 6·

125 574 145 607 5
168 557 319 623 parte
358 553 579 607 XXVII.
620 553 869 606 oriuntur
909 552 1173 622 Hyades.
1252 552 1587 621 Quicumque
1633 552 1689 604 in
1737 556 1858 605 ortu

170 629 283 680 eius
334 628 522 681 sideris
575 631 734 680 natus
783 627 975 695 fuerit,
1029 628 1303 696 inquietus
1358 629 1461 680 erit
1513 626 1857 679 turbulentus

168 701 458 771 populariS,
499 705 552 755 et
590 700 683 770 qui
721 701 980 770 populum
1021 700 1345 754 turbulentis
1387 719 1600 770 semper
1643 702 1860 755 seditio-

168 776 328 828 nibus
368 777 618 847 exagitet,
655 775 829 844 plebis
869 776 1076 828 animos
1116 775 1364 828 clamosis
1397 779 1451 828 et
1481 775 1699 828 furiosis
1741 793 1861 828 con-

168 850 496 903 tentionibus
543 850 895 918 inflammans,
942 849 1192 902 inimicus
1239 849 1436 918 quietis
1484 867 1544 902 ac
1588 849 1758 918 pacis,
1806 852 1861 901 et

107 947 147 980 ιο
169 924 423 976 intestina
461 941 522 976 ac
562 924 855 978 domestica
892 924 1034 977 bella
1076 923 1280 977 furiosa
1325 924 1520 976 mentis
1567 923 1860 992 cupiditate

171 998 489 1051 desiderans.
568 997 672 1050 Sed
716 997 842 1050 huic
881 999 1014 1051 varii
1062 1001 1315 1067 quaestus
1362 1017 1427 1051 ex
1466 998 1678 1051 assidua
1718 998 1860 1051 solli-

169 1072 403 1125 citudine
450 1091 606 1141 saepe
651 1075 958 1126 nascuntur.
1034 1071 1186 1125 Facit
1231 1071 1393 1125 etiam
1439 1072 1543 1124 1100
1581 1071 1726 1124 sidus
1765 1073 1859 1125 bu-

167 1146 352 1198 bulcos
421 1147 768 1199 armentarios
831 1147 1119 1215 oviumque
1180 1149 1438 1215 pastores,
1536 1145 1599 1199 In
1659 1145 1860 1199 Arietis
1879 1147 1909 1198 7

168 1223 318 1289 parte
364 1219 547 1288 XXX„
595 1238 730 1289 quae
782 1239 905 1289 pars
957 1224 1135 1274 totum
1189 1221 1403 1291 signum
1457 1239 1618 1289 supra
1663 1225 1860 1273 terram

103 1317 144 1350 15
170 1312 379 1364 semper
410 1295 659 1362 ostendit,
690 1295 929 1348 exoritur
956 1294 1183 1364 Capra,
1215 1313 1376 1364 quam
1406 1294 1640 1347 fabulosi
1671 1299 1860 1363 poetae

169 1369 423 1421 alimenta
461 1368 653 1421 volunt
689 1368 806 1421 Iovi
851 1369 1157 1422 inmulsisse
1202 1369 1448 1421 nutricia.
1526 1367 1860 1437 Quicumque

170 1445 373 1495 oriente
426 1443 529 1496 1100
583 1443 757 1496 sidere
810 1443 924 1496 nati
975 1443 1192 1511 fuerint,
1247 1446 1404 1494 erunt
1456 1443 1622 1495 nimia
1666 1443 1860 1495 mentis

167 1517 526 1585 trepidatione
559 1518 792 1584 solliciti,
817 1522 870 1570 et
902 1536 1130 1587 quorum
1162 1535 1354 1586 corpus
1385 1518 1630 1570 assiduus
1661 1521 1863 1569 tremor

171 1609 380 1660 semper
407 1590 682 1661 inpugnet.
745 1591 819 1643 Hi
849 1592 1058 1644 levibus
1090 1591 1520 1645 conmotionibus
1554 1591 1861 1661 opprimun-

104 1689 146 1721 20
169 1668 272 1732 tur,
304 1670 358 1717 et
387 1665 594 1718 levibus
625 1665 832 1718 nuntiis
863 1667 1015 1736 gravi
1045 1665 1254 1737 timoris
1286 1665 1587 1718 incursione
1618 1666 1861 1734 quatiun-

168 1743 271 1791 tur.
325 1738 502 1792 Erunt
532 1740 692 1792 etiam
725 1740 925 1793 curiosi
957 1740 1197 1793 omnium
1228 1758 1422 1808 rerum,
1454 1743 1508 1791 et
1541 1741 1633 1809 qui
1665 1739 2041 1808 quod-fomoirz

172 1831 397 1883 cumque
427 1832 626 1867 novum
660 1814 861 1867 dictum
891 1815 1069 1884 fuerit,
1107 1813 1209 1866 hoc
1248 1814 1537 1882 inpatienti
1568 1813 1861 1883 cupiditate

170 1888 483 1956 desiderent,
529 1891 591 1940 ut
637 1906 847 1957 semper
890 1907 1031 1942 nova
1078 1906 1319 1958 quaeque
1367 1890 1575 1941 curiosa
1614 1887 1860 1940 desiderii

170 1961 464 2030 cupiditate
503 1965 785 2015 sectentur.

103 2057 146 2091 25
283 2035 419 2098 Quia
465 2036 646 2105 itaque
693 2037 926 2089 diximus
975 2037 1100 2106 quid
1149 2036 1207 2089 in
1254 2039 1378 2089 ortu
1423 2036 1523 2090 hae
1563 2038 1747 2088 stellae
1785 2034 1912 2088 fa-8

171 2109 331 2178 ciant,
370 2111 613 2178 sequenti
650 2111 769 2163 loco
810 2110 1090 2163 dicendum
1131 2114 1212 2162 est
1251 2111 1381 2178 quid
1419 2110 1474 2162 in
1515 2127 1703 2163 occasu
1742 2127 1862 2162 con-

171 2184 391 2236 stitutae
430 2184 727 2237 decernant.
798 2183 948 2237 Sicut
987 2186 1127 2237 enim
1170 2185 1466 2238 contrariae
1506 2187 1632 2236 sunt
1668 2183 1861 2236 lumini

170 2258 436 2327 tenebrae,
468 2258 546 2311 sic
582 2259 724 2311 vitae
756 2276 915 2311 mors,
969 2257 1099 2310 Vita
1130 2259 1298 2329 igitur
1329 2259 1432 2311 erit
1461 2259 1519 2311 in
1549 2262 1686 2326 ortU,
1717 2276 1860 2310 mors

170 2332 464 2399 reperietur
516 2331 572 2384 in
628 2350 830 2385 occasu.
909 2331 1070 2386 Ortus
1125 2333 1309 2401 itaque
1365 2333 1411 2384 si
1458 2332 1513 2384 in
1558 2332 1858 2400 horoscopo

103 2427 147 2459 so
171 2409 267 2473 est,
307 2406 446 2459 sicut
484 2406 791 2475 frequenter
829 2406 1076 2476 diximus,
1116 2425 1335 2460 occasus
1373 2408 1430 2459 in
1470 2406 1727 2459 diametro
1766 2406 1860 2458 ho-

291 2584 314 2624 1
341 2579 521 2623 vitiosis
546 2594 628 2625 om.
654 2580 702 2623 A'
820 2586 845 2624 2
871 2582 990 2625 ferre
1014 2584 1054 2626 Δ
1170 2586 1195 2625 3
1222 2582 1365 2626 etiam
1389 2582 1455 2640 Γ]
1482 2583 1529 2625 et
1552 2583 1592 2625 Δ
1707 2586 1733 2624 8
1758 2581 1860 2624 ani-

170 2653 270 2682 mas
299 2642 336 2681 A
458 2644 482 2682 9
514 2639 769 2684 inimicitus
794 2643 833 2684 A
959 2646 1010 2684 11
1044 2643 1266 2696 quaestus
1299 2643 1355 2696 cf.
1383 2642 1555 2686 Manil.
1582 2644 1670 2684 124
1702 2653 1860 2683 curae-

171 2712 261 2753 que
293 2698 518 2742 alimenta
548 2698 817 2742 ministrant
939 2704 992 2743 12
1026 2700 1170 2744 etiam
1206 2701 1271 2757 Γ]
1307 2702 1354 2743 et
1384 2702 1424 2743 Δ
1549 2705 1603 2743 14
1634 2701 1787 2742 totum
1818 2701 1866 2742 Γ

170 2771 269 2802 cum
286 2758 345 2800 M
345 2758 622 2815 anil.V129]
641 2772 774 2802 omne
789 2761 828 2801 Δ
845 2761 1045 2814 (omnem
1057 2762 1110 2815 D)
1227 2765 1280 2803 15
1305 2759 1491 2816 poetae]
1510 2758 1856 2815 Manil.132sq.

233 2821 285 2859 16
312 2815 536 2859 alimenta
561 2818 621 2874 A]
647 2817 852 2861 lamenta
875 2819 919 2861 Γ
954 2820 960 2873 1
1002 2818 1266 2862 inmulsisse
1291 2818 1493 2861 nutricia
1518 2830 1543 2860 6
1567 2819 1619 2862 cl.
1646 2819 1680 2861 I
1698 2821 1799 2871 194,
1819 2818 1856 2875 7]

170 2875 219 2917 in
243 2875 404 2918 multis
429 2889 529 2919 esse
551 2876 802 2919 nutriciam
824 2877 1068 2932 (nutritam
1094 2882 1129 2919 G
1160 2877 1385 2920 nutritiva
1408 2879 1463 2929 NJ
1585 2881 1639 2919 23
1664 2878 1735 2933 ut]
1762 2880 1809 2920 et
1833 2890 1859 2919 σ

173 2939 227 2976 25
253 2936 357 2977 ortu
374 2934 742 2993 <collocatae>.9
765 2938 790 2987 ζ
908 2940 963 2978 27
990 2937 1244 2980 decernunt
1266 2939 1310 2980 Γ
1426 2940 1481 2978 30
1506 2935 1628 2979 sicut
1647 2937 1714 2993 Γ]
1739 2939 1792 2979 ut
1817 2937 1856 2978 A
