2038 3162
266 111 438 159 XXXII
934 110 1292 158 PRAEFATIO.

268 255 606 319 conlegerant,
652 254 933 317 quibusque
973 255 1052 302 usi
1098 254 1248 302 ductu
1293 254 1529 304 Iohannis
1571 255 1958 318 Regiomontani

267 329 635 393 Nurembergae
660 329 928 377 Firmicum
953 328 1135 376 edituri
1157 330 1301 376 erant
1331 321 1415 395 (cf.
1441 329 1560 377 Sittl
1584 345 1631 392 p.
1648 329 1721 376 XI
1744 329 1856 376 adn.
1876 326 1957 392 3);

268 419 478 466 quorum
502 403 599 452 duo
622 403 736 451 libri
763 403 1057 465 exemplaris
1074 402 1288 450 Aldinae
1313 403 1511 467 gemelli
1528 402 1957 466 Norimbergensis

268 480 316 525 et
347 476 655 525 Monacensis
694 476 747 524 in
786 493 845 525 ea
882 478 1083 540 regione
1123 477 1283 524 adhuc
1321 478 1530 525 exstant.
1592 477 1764 539 Ipsum
1801 478 1958 540 igitur

268 551 518 613 exemplar
555 551 740 614 perisse
773 551 856 599 vix
895 550 1159 599 dolendum
1198 553 1284 599 est.
1339 550 1410 598 At
1441 546 1764 612 ‘emendavit,
1799 550 1957 613 tersit,

178 690 181 693 Ι
268 621 466 687 polivit'
494 625 791 674 Pescennius
815 627 1009 673 textum
1033 625 1374 687 depravatum.
1425 624 1681 674 Liberavit
1704 640 1816 672 eum
1840 640 1958 673 sane

266 699 438 747 multis
463 699 654 747 mendis
679 715 768 747 suo
793 700 992 763 ingenio
1018 714 1148 754 usus,
1182 699 1267 747 sed
1292 700 1443 747 etiam
1468 699 1625 763 magis
1659 699 1958 747 deformavit

267 774 479 822 colorem
518 774 704 822 ferreae
743 773 1036 822 Latinitatis
1075 773 1374 836 detergendo
1415 775 1465 821 et
1503 774 1672 821 fucum
1711 773 1957 836 quendam

268 846 645 896 Ciceronianum
676 847 963 909 adlinendo,
1003 863 1100 910 quo
1133 849 1322 895 factum
1355 849 1450 908 est,
1492 849 1550 895 ut
1588 863 1744 910 usque
1777 847 1839 894 ad
1870 863 1956 895 no-

267 924 422 970 stram
446 924 660 970 aetatem
683 937 830 970 verus
854 922 1097 970 Firmicus
1127 922 1370 983 latitaret,
1402 937 1514 970 cum
1540 921 1831 984 praesertim
1857 921 1957 970 edi-

265 997 338 1044 tio
369 996 596 1058 princeps
627 996 881 1044 rarissima
919 997 986 1045 sit
1025 999 1075 1044 et
1106 998 1298 1044 ceterae
1331 996 1571 1044 editiones
1601 995 1836 1043 Aldinam
1877 1011 1957 1043 ex-

266 1072 547 1133 presserint.
588 1071 802 1119 Maxime
828 1073 994 1118 autem
1020 1072 1074 1118 in
1098 1071 1311 1118 Firmico
1337 1070 1552 1118 curando
1577 1069 1873 1118 Pescennius
1898 1085 1955 1118 eo

266 1145 504 1207 peccavit,
538 1144 670 1207 quod
693 1145 913 1206 lacunas,
946 1160 1068 1207 quas
1100 1147 1153 1192 in
1186 1144 1349 1194 codice
1382 1160 1469 1193 suo
1494 1145 1765 1205 invenerat,
1795 1143 1956 1206 impu-

267 1218 554 1267 dentissime
580 1221 760 1281 spuriis
784 1219 947 1268 verbis
973 1219 1202 1282 explevit,
1226 1219 1358 1266 inter
1383 1235 1508 1280 quae
1531 1218 1691 1266 multa
1713 1217 1957 1267 vocabula

265 1293 655 1356 lexicographos‚
678 1294 842 1342 multa
868 1297 1160 1356 argmenta
1176 1310 1368 1341 morum
1386 1293 1623 1341 historiae
1641 1292 1957 1356 indagatores

265 1367 563 1416 fefellerunt.
619 1368 874 1416 Foliorum
907 1367 1037 1415 enim
1066 1370 1186 1430 174,
1218 1367 1396 1430 quibus
1428 1369 1480 1414 in
1505 1366 1688 1415 Aldina
1714 1366 1956 1414 Firmicus

266 1443 560 1503 continetur,
595 1444 663 1490 20
696 1442 797 1489 fere
829 1442 908 1490 vel
938 1443 1085 1504 plura
1115 1444 1306 1490 textum
1337 1441 1591 1504 praebent,
1623 1441 1702 1489 cui
1732 1440 1858 1489 nihil
1882 1443 1957 1488 est

267 1532 379 1564 cum
418 1515 655 1576 Firmico3
703 1517 763 1564 cf.
796 1517 892 1566 vol.
917 1516 968 1563 II
999 1533 1047 1578 p.
1075 1517 1179 1564 556
1199 1531 1327 1579 sqq,
1366 1515 1454 1563 ubi
1493 1532 1551 1564 ex
1589 1515 1955 1578 comparatione

266 1592 487 1652 capitum
534 1590 747 1638 Aldinae
794 1593 844 1639 et
891 1591 1122 1639 editionis
1174 1593 1397 1651 nostrae,
1451 1591 1575 1653 quot
1629 1591 1795 1652 capita
1847 1590 1957 1637 tota

265 1664 561 1712 Pescennius
607 1666 888 1726 intruserit,
934 1666 1080 1713 facile
1129 1680 1413 1729 cognosces,
1467 1665 1552 1712 sed
1599 1663 1838 1712 accedunt
1881 1663 1955 1710 in·

266 1754 469 1786 numera
508 1739 608 1787 fere
649 1739 992 1800 supplementa
1030 1739 1245 1801 minora,
1290 1738 1467 1801 quibus
1498 1740 1583 1787 vix
1621 1754 1774 1786 unum
1806 1739 1958 1799 caput

267 1814 415 1861 caret.

342 1885 528 1943 Quibus
546 1903 603 1934 ex
620 1887 843 1935 fontibus
859 1887 1156 1935 Pescennius
1175 1887 1521 1949 supplementa
1545 1886 1869 1948 conquisierit
1884 1912 1957 1919 —

267 1962 503 2023 quoniam
543 1962 710 2009 omnia
750 1978 858 2010 eum
900 1978 959 2009 ex
996 1962 1197 2024 ingenio
1237 1977 1325 2010 suo
1364 1961 1589 2009 hausisse
1620 1962 1704 2009 vix
1743 1963 1817 2009 est
1855 1976 1955 2008 cre-

266 2034 416 2083 dibile
434 2062 520 2096 —,
544 2035 753 2083 fortasse
779 2035 961 2097 aliquis
983 2035 1236 2084 doctrinae
1263 2036 1620 2084 astronomicae
1645 2035 1833 2082 saeculi
1848 2034 1953 2082 XV.

265 2109 454 2170 peritus
486 2125 669 2173 magna
703 2100 761 2157 eir
791 2111 933 2171 parte
967 2110 1220 2172 explorare
1251 2112 1429 2172 potest.
1484 2109 1587 2157 Nos
1626 2109 1723 2156 nisi
1755 2109 1814 2156 de
1848 2109 1955 2171 qui-

265 2183 475 2230 busdam
513 2184 984 2245 interpolationibus
1023 2184 1141 2232 libri
1171 2183 1307 2231 VIII.
1347 2183 1473 2231 nihil
1514 2183 1774 2244 habemus,
1822 2183 1956 2244 quod

265 2257 586 2319 proferamus.
629 2256 1025 2306 Communicavit
1048 2259 1178 2306 enim
1202 2258 1458 2306 nobiscum
1480 2257 1538 2305 A.
1554 2257 1818 2320 Warburg,
1842 2272 1954 2304 cum

267 2331 481 2379 Firmico
522 2332 585 2378 ad
619 2332 819 2379 verbum
861 2332 1135 2380 consentire
1173 2331 1308 2380 haud
1345 2347 1529 2393 paucas
1565 2330 1956 2390 adnotationum,

267 2421 388 2467 quas
428 2405 607 2453 Petrus
646 2406 704 2453 de
739 2405 913 2454 Abano
952 2406 1256 2468 imaginibus
1295 2406 1606 2468 astrologicis
1641 2400 1953 2452 ‘Astrolabii'

268 2479 471 2540 adiecit,
507 2495 730 2541 quaeque
762 2480 814 2526 in
846 2479 1142 2528 editionibus
1173 2481 1332 2542 ipsius
1366 2478 1636 2527 Astrolabii
1669 2478 1731 2525 ab
1762 2468 1955 2541 Angelo

267 2554 451 2601 curatis
484 2549 567 2618 (cf.
593 2570 638 2615 p.
665 2548 903 2619 XXVIII)
937 2569 1088 2615 supra
1126 2554 1367 2617 imagines
1406 2554 1674 2615 impressae
1705 2552 1953 2615 leguntur.

268 2625 474 2674 Collatis
520 2628 599 2675 his
640 2627 1043 2675 adnotationibus
1084 2644 1190 2676 cum
1233 2627 1447 2675 Firmico
1489 2627 1658 2675 statim
1706 2626 1955 2688 apparuit,

266 2701 654 2762 haudquaquam
679 2701 894 2763 Firmici,
919 2702 1002 2749 sed
1027 2701 1239 2749 Aldinae
1264 2703 1459 2749 tantum
1483 2700 1634 2748 verba
1658 2716 1771 2747 cum
1793 2700 1954 2748 verbis

267 2773 431 2822 Abani
463 2775 753 2835 consentire,
785 2776 1129 2837 supplementa
1161 2775 1362 2834 scilicet,
1395 2790 1520 2836 quae
1545 2774 1839 2822 Pescennius
1873 2789 1953 2821 ca-

266 2847 453 2909 pitibus
492 2849 646 2895 XXII.
686 2849 867 2897 XXIII.
907 2849 1084 2897 XXIV.
1121 2849 1298 2897 XXVI.
1331 2847 1559 2896 XXVIH.
1593 2847 1766 2895 XXIX.
1807 2848 1954 2894 muti-

266 2922 383 2970 latis
413 2922 636 2970 inseruit.
691 2922 828 2970 Haec
858 2923 931 2970 ita
962 2925 1198 2985 instituit,
1230 2925 1286 2970 ut
1310 2921 1446 2970 Petri
1472 2922 1530 2969 de
1556 2921 1731 2969 Abano
1754 2921 1954 2970 brevem
2037 2922 2038 2925 ’
