2078 3174
822 108 886 152 VI
917 113 987 162 31,
1011 120 1171 153 «ιο-48.
1744 108 1843 161 161

158 231 402 296 stitutus,
448 232 501 281 et
547 245 667 281 cum
714 246 776 281 eo
816 228 960 281 Mars
1006 231 1232 296 aequata
1278 227 1350 280 sit
1387 228 1555 296 partis
1595 228 1847 281 societate

158 303 491 371 coniunctus,
529 303 606 355 sic
644 302 807 371 positi
846 319 1055 355 sorores
1095 303 1231 368 [aut]
1275 319 1468 355 uxores
1508 301 1810 354 decernunt.

271 377 327 429 Si
379 375 640 429 Saturnus
695 377 750 427 in
798 375 914 428 ΜΟ.
964 375 1127 428 fuerit
1177 375 1516 444 constitutus,
1566 379 1620 428 et
1672 376 1721 428 ei
1773 376 1850 428 sic
1864 373 1938 428 45

157 452 336 519 posito
374 450 518 503 Iovis
557 453 612 502 et
645 449 834 503 Martis
874 450 930 502 in
969 449 1154 502 eodem
1191 450 1311 502 loco
1352 449 1579 503 societas
1619 449 1850 518 accedat,

114 547 133 579 5
159 525 363 578 faciunt
412 542 566 577 omne
611 523 865 577 tristitiae
912 541 1080 594 genus
1127 523 1193 576 ab
1245 523 1503 577 uxoribus
1557 524 1848 593 conparari,

160 602 220 651 ut
258 616 547 667 numquam
589 597 696 650 ilJis
734 597 993 651 laetitiam
1034 598 1239 668 gratiae
1278 598 1574 668 coniugalis
1613 597 1825 651 indicat.

270 671 326 725 Si
378 671 559 725 Venus
610 672 667 724 in
716 673 1019 740 vespertino
1071 675 1193 724 ortu
1245 674 1504 725 collocata
1552 673 1609 724 in
1660 689 1850 725 occasu
1866 671 1937 725 46

157 748 251 815 sit,
297 746 352 798 id
390 749 472 798 est
517 745 572 798 in
612 744 731 798 VH.
773 747 840 799 ab
887 747 1187 815 horoscopo
1234 745 1377 814 1000,
1423 749 1477 798 et
1515 745 1723 798 Venere
1771 746 1849 799 sic

158 822 336 888 posita
375 818 635 872 Saturnus
674 820 731 872 in
766 819 880 873 ΜΟ.
922 821 993 873 sit
1030 823 1182 890 parte
1221 820 1562 890 constitutuS,
1599 820 1744 873 viros
1783 820 1850 871 ad

91 916 135 948 10
158 893 421 948 Venerem
459 894 742 964 languidos
781 895 960 963 faciet,
1001 894 1092 947 sed
1132 895 1185 946 et
1222 894 1449 947 feminas
1487 893 1727 947 Venerea
1765 912 1851 948 cu-

157 969 382 1038 piditate
437 969 612 1037 sopita
662 972 715 1020 et
770 969 914 1022 omni
974 969 1210 1021 extincta
1257 968 1499 1021 libidinis
1550 968 1852 1022 substantia

157 1043 379 1113 frigidas
417 1042 578 1095 faciet
617 1060 827 1112 semper
866 1043 933 1095 ad
971 1043 1185 1095 coitum.

271 1116 329 1169 Si
352 1117 406 1168 in
431 1115 546 1169 MC.
570 1115 714 1168 Mars
738 1119 791 1169 et
817 1117 967 1169 Luna
997 1120 1224 1185 aequata
1255 1116 1365 1169 sint
1394 1116 1564 1185 partis
1596 1116 1849 1169 societate
1867 1117 1936 1169 47

158 1191 443 1259 coniuncti,
483 1193 536 1242 et
574 1208 695 1242 cum
734 1190 818 1243 his
850 1190 1033 1244 Venus
1072 1194 1124 1244 et
1166 1211 1190 1238 *
1211 1212 1236 1239 *
1258 1211 1282 1239 *
1323 1190 1621 1243 Mercurius
1653 1190 1852 1259 pariter

92 1287 133 1319 ιε»
159 1267 482 1318 constitutus
515 1265 774 1319 diametra
810 1265 1105 1318 radiatione
1144 1266 1409 1334 respiciat,
1452 1265 1722 1319 decretum
1746 1264 1850 1318 hoc

157 1339 215 1392 in
251 1339 354 1392 viri
393 1340 639 1409 genitura
677 1339 923 1408 publicos
963 1342 1135 1410 gallos
1175 1339 1386 1408 efficiet,
1431 1339 1684 1391 mulieres
1723 1357 1848 1392 vero

157 1413 461 1466 meretrices
490 1413 664 1465 reddit
697 1414 843 1466 omni
874 1413 1095 1482 pudoris
1126 1413 1391 1482 praesidio
1432 1413 1727 1466 destitutas.

271 1486 328 1539 Si
369 1486 630 1540 Saturnus
677 1491 730 1540 et
768 1487 1010 1557 Iuppiter
1055 1487 1113 1540 in
1150 1486 1292 1540 IMC.
1335 1489 1444 1540 sint
1490 1488 1690 1556 pariter
1729 1505 1850 1540 con·
1866 1489 1937 1541 48

158 1562 356 1630 stituti,
403 1565 496 1615 aut
542 1561 588 1614 si
635 1563 742 1614 sint
788 1563 845 1614 in
883 1579 1072 1615 occasu
1122 1562 1177 1614 id
1215 1565 1296 1614 est
1334 1563 1389 1613 in
1428 1560 1548 1614 VII.
1589 1562 1654 1615 ab
1694 1561 1849 1615 horo-

89 1657 134 1690 so
158 1653 319 1704 scopo
358 1635 477 1688 loco
519 1636 789 1704 collocati,
831 1654 896 1689 ex
933 1635 1242 1688 infortuniis
1282 1637 1518 1688 filiorum
1558 1653 1720 1706 grave
1757 1637 1851 1688 tri-

158 1710 337 1763 stitiae
388 1710 600 1780 pondus
653 1710 909 1764 indicunt.
986 1710 1188 1773 Quodsi
1244 1729 1363 1764 cum
1415 1711 1500 1762 his
1554 1709 1850 1762 Mercurius

158 1785 217 1837 in
268 1785 457 1838 iisdem
511 1784 644 1838 locis
697 1785 862 1837 fuerit
914 1785 1176 1851 inventuS,
1229 1787 1283 1836 et
1320 1784 1503 1838 Venus
1555 1785 1611 1837 in
1664 1784 1849 1836 eodem

157 1858 494 1927 loco·posita
531 1862 756 1927 aequata
794 1859 903 1911 illis
941 1859 1108 1927 partis
1148 1859 1400 1911 societate
1430 1859 1697 1928 iungatur,
1738 1877 1850 1910 mu-

158 1932 314 1985 lieres
356 1932 570 2001 quidem
617 1933 824 1986 steriles
864 1933 1114 2000 efficient,
1165 1936 1218 1985 et
1264 1950 1438 1984 mares
1477 1932 1724 1985 virilibus
1763 1950 1850 1984 cu-

91 2027 134 2060 25
159 2006 473 2074 piditatibus
529 2006 812 2060 destitutos
864 2007 929 2059 ab
981 2007 1128 2059 omni
1179 2007 1323 2059 coitu
1375 2007 1713 2075 separabunt.
1792 2004 1850 2058 Si

160 2098 283 2132 vero
323 2082 431 2133 sint
471 2082 526 2132 in
565 2081 774 2148 tropico
807 2080 944 2132 sicut
977 2080 1208 2132 diximus
1240 2081 1394 2151 signo
1426 2079 1606 2149 positi,
1646 2080 1850 2132 faciunt

282 2260 302 2297 1
337 2255 484 2310 partis
517 2255 741 2298 societate
778 2256 844 2313 Γ]
879 2257 1013 2311 parte
1045 2258 1083 2299 Δ
1238 2260 1262 2298 2
1296 2255 1463 2311 positis
1496 2259 1535 2299 Δ
1595 2256 1602 2314 Ι
1660 2256 1742 2300 del.
1776 2273 1803 2299 κ
1839 2256 1843 2313 ξ

160 2327 322 2357 uxores
347 2315 408 2372 Δ]
442 2328 497 2357 ex
529 2327 708 2358 sorores
738 2318 820 2357 AG
852 2318 926 2371 (ex
957 2315 1190 2359 sororibus
1222 2314 1343 2358 filias
1376 2315 1473 2359 dec.
1505 2328 1671 2358 uxores
1702 2318 1788 2372 Ba)

162 2378 188 2415 3
221 2373 264 2416 ei
301 2373 366 2431 Γ]
401 2387 454 2416 eo
486 2375 526 2417 A
650 2378 674 2416 6
707 2376 761 2417 ut
795 2374 871 2475 Γ]
904 2376 951 2417 et
978 2377 1017 2418 Δ
1077 2377 1083 2430 Ι
1139 2374 1326 2418 laetitia
1359 2409 1368 2417 .
1397 2409 1405 2417 .
1434 2410 1442 2418 .
1476 2375 1672 2418 accedat
1702 2392 1729 2418 κ

164 2436 187 2474 7
222 2431 499 2475 collocatum
530 2436 608 2474 AB
771 2437 796 2475 8
874 2447 987 2477 enus
1021 2448 1132 2478 corr.
1166 2449 1195 2476 v
1227 2433 1471 2490 (Venerem
1501 2435 1554 2489 D)
1707 2439 1731 2476 9
1764 2448 1848 2490 po-

161 2491 301 2534 sitam
332 2494 371 2534 A
409 2494 414 2547 Ι
454 2491 516 2534 sit
545 2492 591 2534 in
626 2491 722 2536 ΜΟ.
756 2496 835 2535 AB
960 2497 1014 2536 10
1045 2493 1255 2537 Venerea
1288 2493 1393 2550 AG]
1427 2492 1619 2536 Veneris
1651 2496 1729 2534 AB

163 2556 214 2594 11
258 2550 435 2606 sopitas
466 2564 579 2595 corr.
613 2554 637 2602 ζ
683 2553 689 2606 Ι
739 2551 895 2595 omnia
926 2554 966 2595 A
1122 2557 1172 2595 12
1214 2551 1410 2609 frigidas
1451 2565 1506 2595 ac
1543 2552 1602 2595 fri
1640 2552 1739 2594 'das
1771 2555 1849 2593 BG

160 2609 357 2665 frigidas
390 2623 533 2665 semp.
566 2610 653 2653 fac.
688 2623 740 2653 ac
771 2617 975 2665 sequente
1005 2617 1122 2666 spat.
1147 2626 1241 2655 vac.
1267 2614 1307 2654 A
1434 2616 1486 2654 13
1518 2567 1653 2654 ῙΜέ.1
1672 2616 1714 2655 et
1742 2624 1848 2666 par·

160 2669 280 2712 tium
312 2671 352 2712 A
478 2673 531 2711 14
568 2670 650 2713 lac.
682 2674 784 2713 stat.
818 2674 843 2721 ζ
871 2670 1116 2713 constituti
1149 2671 1491 2727 <horoscopum
1559 2670 1602 2712 d.
1634 2685 1672 2714 r.
1702 2669 1850 2725 respi-

162 2728 291 2771 ciant
320 2744 348 2771 κ
471 2732 525 2771 16
556 2726 763 2771 mulieris
792 2731 837 2771 Γ
954 2734 1006 2772 17
1041 2732 1088 2773 et
1119 2733 1244 2773 omni
1275 2729 1452 2785 pudore
1518 2729 1734 2772 estitutas
1762 2731 1802 2771 A
1840 2752 1841 2757 =

162 2787 421 2831 destinatas
452 2790 531 2829 AB
654 2791 709 2830 20
741 2787 983 2831 constituti
1015 2791 1055 2832 A
1178 2793 1233 2831 22
1266 2789 1315 2831 in
1352 2788 1417 2846 Γ]
1450 2790 1497 2832 et
1528 2791 1567 2831 A
1619 2791 1624 2843 Ι
1678 2787 1849 2831 Veneri

165 2872 216 2877 —
245 2851 299 2888 23
325 2846 507 2901 positae
531 2848 571 2889 A
693 2850 748 2887 23
780 2846 986 2902 partium
1010 2850 1050 2890 A
1090 2848 1096 2903 Ι
1138 2847 1395 2904 iungantur
1424 2861 1536 2891 corr.
1563 2863 1590 2889 a
1713 2851 1766 2890 26
1800 2847 1848 2889 in

163 2904 341 2960 tropico
374 2904 468 2948 sint
492 2907 531 2948 A
567 2905 660 2948 sint
693 2905 770 2948 sic.
806 2905 898 2948 dix.
933 2906 980 2948 in
1012 2906 1204 2961 tropicis
1238 2906 1382 2962 signis
1407 2911 1444 2949 A
1483 2910 1489 2964 Ι
1532 2905 1664 2963 signo
1697 2919 1780 2950 om.
1806 2908 1846 2949 A

251 2987 459 3029 anxcus,
484 2987 565 3019 edd.
590 2987 749 3027 Kroll,
775 2987 982 3019 Skutsch
1006 2991 1043 3020 et
1066 2989 1268 3029 Ziegler.
1307 2989 1359 3020 11.
1527 2985 1578 3023 11
