2084 3192
263 205 374 257 264
997 202 1227 246 FIRMICI

265 326 491 378 ditatum
538 324 681 376 Mars
728 327 782 376 et
829 322 1088 376 Saturnus
1135 323 1335 392 pariter
1379 324 1579 376 fuerint
1623 324 1849 392 inventi,
1902 333 1956 377 et

265 400 335 453 sit
372 400 487 468 ipse
525 398 675 452 locus
715 399 772 450 in
811 397 990 466 aliquo
1039 397 1314 468 geniturae
1365 398 1576 450 cardine
1617 400 1956 467 constitutuS,

264 473 528 526 Venerem
589 490 712 525 vero
771 470 830 523 hi
888 489 1021 540 quos
1085 471 1315 524 diximus
1371 471 1609 540 qualibet
1660 471 1957 524 radiatione

265 547 618 616 respexerint,
665 547 1008 616 gonorroicas
1055 549 1254 597 mortes
1303 545 1558 615 efficient3
1613 546 1756 615 quod
1809 547 1853 599 si
1903 549 1957 599 et

264 621 472 673 Lunam
525 620 779 688 viderint,
832 619 1097 672 lunaticos
1151 619 1379 689 faciunt5
1435 619 1578 688 quod
1632 620 1678 672 si
1724 623 1777 672 et
1822 619 1958 673 Mer-

268 696 475 749 curium
529 694 780 762 viderint,
833 694 891 745 in
942 693 1078 746 falso
1137 697 1230 746 aut
1282 693 1339 746 in
1385 694 1682 746 adulterata
1733 695 1960 763 pecunia

194 772 198 774 ’
269 769 623 838 deprehensos
663 768 868 820 faciunt
905 767 1244 820 biothanatos
1283 767 1512 820 interire.
1592 766 1745 830 Quod
1785 769 1831 821 si
1860 768 1960 820 hos

270 861 451 896 omnes
491 843 569 897 sic
608 844 896 895 collocatos
934 841 1179 910 Iuppiter
1216 843 1534 909 respexerit,
1582 860 1646 894 ex
1693 842 1812 895 istis
1853 860 1960 895 om-

183 918 251 970 19
267 918 427 970 nibus
482 916 733 984 periculis
786 916 1096 968 liberantur.
1175 914 1232 969 Si
1285 915 1429 967 Mars
1484 919 1536 967 et
1591 914 1852 968 Saturnus
1905 915 1961 967 in

267 992 569 1059 horoscopo
610 989 810 1042 fuerint
848 990 1076 1059 inventi,
1124 994 1177 1042 et
1223 990 1279 1041 in
1330 990 1547 1042 anafora
1587 1008 1770 1042 eorum
1809 989 1962 1042 Luna

271 1066 342 1118 sit
379 1066 572 1135 posita,
602 1059 805 1116 vitiatis
843 1063 1140 1116 luminibus
1172 1064 1377 1116 faciunt
1417 1063 1761 1116 biothanatos
1801 1064 1961 1116 inter-

270 1141 360 1193 ire.
439 1137 543 1191 Sed
589 1141 642 1190 et
688 1138 733 1190 si
773 1138 925 1190 Luna
976 1141 1068 1190 aut
1109 1137 1202 1190 Sol
1241 1137 1296 1189 in
1336 1137 1638 1207 horoscopo
1678 1138 1863 1207 fuerit,
1910 1141 1964 1191 et

270 1213 417 1266 Mars
457 1216 510 1266 et
551 1211 813 1265 Saturnus
853 1214 910 1265 in
949 1212 1168 1264 anafora
1214 1230 1421 1280 eorum,
1474 1212 1722 1265 similiter
1758 1213 1964 1265 faciunt

271 1288 475 1340 vitiatis
530 1286 697 1339 oculis
750 1286 1094 1339 biothanatos
1148 1286 1380 1339 interire.
1460 1284 1564 1338 Sed
1618 1289 1673 1338 et
1723 1287 1769 1338 si
1816 1286 1965 1338 Luna

273 1380 394 1414 cum
440 1361 611 1414 Marte
657 1361 820 1413 fuerit
865 1360 1083 1413 inventa
1128 1360 1184 1411 in
1233 1360 1532 1428 horoscopo
1544 1401 1558 1429 ,
1605 1363 1657 1412 et
1705 1359 1964 1413 Saturnus

273 1453 394 1489 cum
436 1434 558 1488 Sole
598 1435 655 1487 in
693 1434 807 1486 MC.
847 1434 1009 1487 fuerit
1049 1434 1397 1503 constitutuS,
1446 1453 1686 1503 spasmos
1726 1440 1819 1486 aut
1858 1435 1966 1502 epi-

273 1509 525 1579 lempsias
589 1512 680 1561 aut
747 1509 981 1562 insanias
1042 1509 1273 1576 faciunt,
1344 1512 1396 1560 et
1449 1508 1713 1561 violentae
1776 1510 1965 1560 mortis

275 1585 515 1636 exitlum.
595 1581 696 1635 Sed
737 1586 790 1635 et
830 1584 873 1635 si
914 1583 1065 1634 Luna
1105 1586 1158 1634 et
1193 1581 1287 1634 Sol
1324 1583 1382 1634 in
1421 1583 1726 1635 cardinibus
1766 1583 1966 1635 fuerint

275 1658 501 1726 inventi,
556 1660 608 1708 et
671 1675 792 1709 cum
846 1657 977 1724 ipsis
1039 1656 1332 1708 luminibus
1387 1655 1529 1708 Mars
1591 1660 1645 1708 et
1706 1655 1966 1709 Saturnus

277 1732 529 1799 existant,
585 1734 676 1783 aut
723 1732 778 1782 in
825 1731 943 1783 aliis
994 1730 1100 1782 sint
1152 1729 1454 1783 cardinibus
1507 1731 1807 1800 constituti,
1853 1731 1967 1782 bio-

191 1807 259 1860 20
276 1805 526 1858 thanatos
581 1805 786 1857 faciunt
840 1804 1072 1856 interire.
1150 1803 1208 1856 Si
1258 1804 1401 1855 Mars
1457 1809 1549 1856 aut
1596 1803 1857 1857 Saturnus
1911 1804 1968 1856 in

276 1880 396 1932 loco
442 1880 690 1931 fortunae
737 1879 937 1930 fuerint
984 1878 1209 1947 inventi,
1256 1881 1308 1929 et
1353 1878 1410 1929 in
1452 1877 1513 1930 V.
1557 1878 1639 1930 vel
1676 1881 1731 1931 in
1771 1877 1860 1930 XI.
1902 1878 1968 1930 ab

277 1955 576 2021 horoscopo
616 1954 734 2005 1000
776 1953 1011 2021 synodus
1051 1953 1135 2020 sit,
1174 1952 1542 2004 biothanatam
1581 1956 1807 2005 mortem
1859 1953 1969 2004 effi-

1986 1012 2029 1044 10

1991 1381 2033 1415 15

1992 1751 2036 1784 20

281 2028 440 2080 ciunt.
521 2026 578 2079 Si
617 2026 759 2079 Mars
801 2045 920 2078 cum
960 2027 1112 2078 Luna
1150 2026 1207 2078 in
1246 2024 1362 2077 XII.
1404 2027 1469 2078 ab
1511 2026 1808 2095 horoscopo
1849 2026 1968 2080 1000
2005 2080 2012 2095 ,Ι

402 2178 423 2215 1
459 2171 636 2228 pariter
666 2173 723 2229 N]
757 2171 992 2228 partiliter
1059 2173 1064 2227 Ι
1132 2171 1308 2214 fuerint
1338 2171 1575 2228 partiliter
1609 2174 1655 2215 Γ
1717 2175 1723 2227 Ι
1792 2172 1971 2215 inventi

281 2233 380 2289 BN]
428 2231 575 2274 iuncti
610 2235 691 2273 AG
735 2231 917 2274 inuncti
948 2236 983 2272 D
1106 2235 1131 2275 3
1167 2230 1325 2274 Venus
1358 2233 1443 2273 AB
1502 2233 1508 2286 Ι
1565 2230 1615 2272 111
1646 2231 1747 2289 AG]
1795 2231 1868 2274 his
1900 2235 1971 2273 Bv

282 2291 366 2334 hos
399 2293 438 2333 Δ
483 2293 489 2347 Ι
533 2289 691 2345 aliqua
723 2293 762 2333 Δ
807 2293 813 2346 Ι
861 2289 1043 2334 ratione
1074 2293 1153 2331 BG
1273 2295 1300 2331 4
1331 2290 1584 2345 respexerit
1615 2293 1697 2332 BA
1743 2293 1748 2346 Ι
1791 2303 1971 2347 gomor-

282 2350 433 2393 roicas
467 2354 503 2391 A
546 2349 859 2405 gomorraicas
889 2354 929 2391 N
967 2348 1341 2392 haemorrhoicas
1374 2365 1400 2391 a
1458 2351 1463 2405 Ι
1521 2348 1731 2392 efficiunt
1762 2352 1801 2392 Δ
1862 2352 1867 2406 Ι
1926 2351 1973 2392 et

284 2424 367 2453 om.
401 2411 484 2451 ΔΒ
636 2414 661 2451 5
695 2408 906 2451 efficiunt
940 2411 986 2451 Γ
1037 2410 1042 2463 Ι
1100 2408 1139 2451 si
1172 2409 1219 2451 et
1250 2409 1349 2465 AG]
1384 2410 1431 2450 et
1462 2408 1500 2451 si
1532 2410 1571 2450 Δ
1618 2409 1656 2451 si
1687 2412 1720 2450 B
1759 2412 1761 2414 ’
1865 2414 1889 2451 6
1923 2408 1972 2450 111

277 2474 442 2524 poster.
477 2482 559 2512 om.
587 2470 625 2510 A
678 2469 684 2523 Ι
735 2467 949 2510 adultera
974 2471 1055 2508 AG
1100 2467 1301 2510 ulterato
1333 2471 1366 2508 B
1548 2471 1574 2509 8
1607 2468 1679 2525 ex]
1712 2468 1762 2510 in
1785 2472 1823 2509 Ν
1855 2467 1914 2510 ab
1939 2471 1972 2509 B

348 2533 400 2569 10
434 2526 576 2569 fuerit
606 2526 821 2569 inventus
854 2526 902 2568 in
936 2539 1008 2568 an.
1044 2539 1134 2569 eor.
1169 2526 1230 2568 sit
1261 2540 1358 2582 pos.
1395 2526 1523 2568 Luna
1551 2529 1591 2569 A
1717 2531 1768 2568 12
1805 2525 1894 2570 Sed
1927 2528 1974 2569 et

287 2600 368 2629 om.
400 2588 438 2628 A
499 2587 504 2642 Ι
564 2587 645 2628 aut
680 2586 745 2642 Γ]
781 2588 828 2628 et
851 2588 889 2628 A
943 2587 948 2640 Ι
999 2585 1141 2628 fuerit
1171 2585 1305 2642 BGv]
1338 2585 1512 2628 fuerint
1542 2589 1580 2627 A
1612 2599 1695 2628 om.
1727 2588 1767 2628 A
1828 2588 1833 2641 Ι
1891 2587 1973 2627 aut

287 2645 412 2687 Mars
447 2649 480 2686 G
617 2649 670 2687 13
704 2643 885 2687 faciunt
915 2645 970 2701 A]
1004 2644 1148 2688 faciet
1179 2648 1217 2685 N
1259 2644 1375 2687 facit
1405 2648 1482 2686 BD
1515 2659 1598 2688 om.
1625 2649 1659 2685 G
1797 2648 1850 2687 14
1883 2643 1973 2686 Sed

291 2706 336 2746 ct
367 2718 450 2747 om.
477 2705 515 2745 A
658 2707 708 2745 15
742 2703 931 2746 inventa
961 2703 1101 2746 fuerit
1132 2705 1170 2745 A
1231 2704 1236 2757 Ι
1294 2703 1342 2745 in
1374 2704 1628 2758 horoscopo
1661 2717 1744 2746 om.
1777 2706 1855 2744 AB

292 2767 344 2804 16
378 2761 493 2804 [MC.
529 2764 567 2804 A
621 2764 625 2817 Ι
676 2762 987 2818 epylempsias
1021 2763 1072 2819 G]
1107 2761 1355 2818 epilensias
1388 2767 1425 2804 A
1464 2762 1711 2814 epilentias
1744 2765 1824 2803 BN
1864 2774 1974 2816 epy-

288 2821 460 2863 lensias
492 2826 526 2862 D
667 2826 719 2863 18
754 2821 841 2864 Sed
876 2823 923 2863 et
958 2835 1040 2864 om.
1074 2824 1113 2863 A
1174 2822 1179 2878 Ι
1239 2819 1316 2863 801
1349 2823 1396 2864 et
1428 2820 1556 2863 Luna
1587 2823 1626 2863 A
1767 2825 1818 2862 19
1854 2823 1899 2863 et
1932 2821 1972 2877 ζ]

291 2882 371 2922 aut
420 2883 426 2935 Ι
477 2894 579 2922 011111
604 2880 661 2936 Ν]
688 2880 735 2921 111
786 2885 791 2933 Ι
842 2879 1093 2923 luminibus
1119 2881 1180 2937 A]
1215 2880 1396 2923 dffubus
1422 2884 1459 2922 A
1491 2879 1704 2922 domibus
1729 2883 1799 2921 Bv
1831 2893 1912 2922 om.
1941 2883 1974 2920 G

352 2944 403 2981 21
438 2938 580 2981 faciet
612 2941 650 2980 A
686 2938 979 2993 (biothanata
1010 2939 1092 2982 hos
1125 2939 1305 2982 faciunt
1336 2941 1482 2982 morte
1515 2938 1703 2980 interire
1734 2941 1787 2991 A)
1827 2940 1832 2992 Ι
1873 2938 1973 2994 aut]

293 3000 339 3039 et
370 3001 440 3038 Bv
562 3002 615 3039 22
650 2999 696 3040 et
724 2999 788 3054 Γ]
823 2997 895 3040 vel
927 3000 965 3040 A
1091 3003 1142 3040 23
1179 2997 1387 3041 efficiunt
1414 2998 1474 3054 Γ]
1508 2998 1761 3040 decernunt
1792 2999 1831 3039 A
