2100 3186
833 138 899 183 VI
930 142 1001 195 35,
1025 150 1141 183 1—6.
1728 139 1830 192 197

144 262 325 314 omnia
362 259 702 331 negotiorum
742 259 919 312 officia
956 258 1198 329 largitur,
1242 261 1296 311 et
1334 258 1510 311 reddit
1547 258 1836 312 laboranti-

142 335 242 388 bus
281 334 535 404 requiem,
578 333 751 404 aegris
792 333 1034 402 salutem,
1075 332 1321 386 sollicitis
1363 333 1718 402 securitatem,
1759 352 1836 386 er-

143 409 386 462 rantibus
424 407 678 470 reditum‚
715 407 1057 478 litigantibus
1095 406 1280 475 finem,
1330 406 1387 459 in
1426 408 1676 478 angustia
1715 425 1836 461 con-

145 484 348 535 stitutis
387 481 780 535 abundantiam.

99 577 118 610 5
255 556 311 609 Si
349 555 491 608 Mars
529 558 832 624 temporum
872 554 1120 608 dominus
1159 555 1323 607 fuerit
1362 555 1606 624 effectus,
1646 573 1710 607 ex
1750 556 1834 609 de·
1852 555 1889 607 4

143 631 332 684 cennio
389 647 484 683 suo
541 628 655 682 Soli
704 627 833 681 XIX
888 628 1110 698 deputat
1162 647 1386 682 menses.
1466 627 1599 682 Cum
1654 630 1836 698 itaque

145 704 239 757 Sol
278 705 590 774 deputatum
629 703 734 756 sibi
773 722 804 755 a
834 702 1007 755 Marte
1045 706 1256 772 tempus
1290 703 1567 773 acceperit,
1605 704 1837 756 maxima

143 779 503 848 periculorum
543 777 850 830 discrimina
888 795 954 829 ex
992 777 1204 830 assidua
1243 778 1544 830 calamitate
1584 778 1836 848 decernit,

144 857 197 906 et
229 871 439 906 omnem
473 851 713 905 ordinem
744 852 886 903 vitae
919 850 1112 904 misera
1143 869 1355 920 semper
1383 852 1683 905 mutatione
1714 869 1836 905 con-

78 947 120 980 10
144 928 350 995 turbat,
397 930 451 979 et
499 925 685 978 turbas
740 926 937 978 excitat
988 925 1382 994 seditionesque
1422 927 1728 993 concinnat,
1782 929 1836 979 et

146 1001 423 1055 oculorum
471 1000 680 1053 dolores
729 1017 849 1052 cum
898 999 1133 1052 maxima
1172 1000 1523 1071 aegritudinis
1564 1001 1836 1053 continua-

143 1076 289 1129 tione
329 1074 577 1127 decernit.
646 1073 828 1127 Vitam
867 1074 1028 1127 etiam
1062 1092 1274 1127 omnem
1306 1075 1554 1127 maximis
1585 1074 1836 1144 periculis

145 1154 198 1202 et
236 1149 484 1202 maximis
521 1148 837 1201 damnorum
870 1148 1267 1201 incursionibus
1303 1149 1556 1217 concutit,
1596 1152 1648 1202 et
1679 1152 1838 1202 erunt

143 1223 475 1276 inevitabilia
521 1222 774 1292 pericula,
824 1222 930 1274 nisi
978 1222 1226 1276 omnibus
1266 1223 1468 1276 bonum
1506 1221 1649 1276 Iovis
1688 1224 1838 1276 testi-

77 1318 119 1351 15
144 1298 384 1350 monium
424 1297 696 1350 restiterit.

257 1370 315 1424 Si
352 1371 494 1424 Mars
535 1374 834 1439 temporum
875 1370 1124 1423 dominus
1163 1371 1327 1424 fuerit
1367 1371 1600 1439 effectuS,
1647 1389 1712 1424 ex
1752 1369 1889 1425 ‹le-5

146 1446 334 1500 cennio
376 1464 472 1500 suo
513 1445 710 1498 Veneri
749 1443 882 1498 VIII
922 1446 1143 1514 deputat
1180 1463 1404 1498 menses.
1484 1444 1618 1498 Cum
1658 1446 1838 1513 itaque

144 1519 328 1572 Venus
370 1520 684 1589 deputatum
725 1519 829 1572 sibi
867 1538 898 1571 a
936 1519 1110 1573 Marte
1147 1523 1359 1589 tempus
1393 1521 1672 1589 acceperit,
1710 1519 1840 1572 facit

146 1594 361 1663 quidem
406 1611 724 1663 prosperum
771 1596 985 1663 tempus
993 1635 1008 1662 ‚
1062 1597 1115 1645 et
1162 1594 1230 1646 ab
1279 1595 1425 1646 omni
1475 1594 1838 1663 periculorum

77 1689 121 1722 20
146 1668 454 1721 discrimine
479 1671 799 1738 separatum,
833 1668 926 1720 sed
956 1685 1021 1719 ex
1053 1668 1346 1720 multarum
1378 1668 1664 1722 mulierum
1691 1668 1839 1721 coitu

143 1742 317 1795 latens
349 1743 481 1812 ipsis
520 1742 846 1809 †mensibus
879 1742 1100 1794 infamia
1131 1760 1342 1812 semper
1372 1742 1612 1795 infertur.
1683 1741 1839 1805 Quod

146 1818 190 1869 si
230 1817 286 1868 in
326 1817 575 1887 genitura
614 1816 862 1885 quadrati
903 1816 1007 1868 sibi
1045 1817 1260 1886 fuerint,
1299 1816 1561 1869 adulteria
1599 1820 1728 1869 tunc
1762 1817 1838 1868 fa-

146 1891 295 1943 ciunt
332 1890 644 1959 perpetrari,
684 1891 776 1942 sed
813 1890 916 1943 hoc
954 1890 1162 1943 facinus
1196 1909 1317 1943 cum
1348 1891 1660 1943 testimonio
1692 1889 1838 1943 Iovis

147 1965 342 2033 celant,
393 1982 512 2017 cum
559 1964 811 2017 Mercurii
859 1967 911 2016 et
960 1963 1102 2017 Solis
1148 1965 1428 2034 publicant
1473 1983 1593 2018 cum
1640 1966 1837 2017 misero

79 2059 120 2093 25
145 2039 287 2091 vitae
328 2038 649 2092 discrimine.

259 2111 315 2165 Si
345 2113 490 2165 Mars
530 2117 832 2182 temporum
874 2113 1121 2165 dominus
1154 2112 1318 2166 fuerit
1350 2113 1584 2181 effectuS‚
1623 2130 1688 2164 ex
1721 2113 1807 2164 de-
1825 2124 2007 2169 somrr

148 2186 334 2239 cennio
377 2204 472 2238 suo
504 2186 768 2239 Mercurio
808 2186 909 2239 XX
942 2187 1164 2256 deputat
1194 2205 1418 2239 menses,
1490 2185 1623 2239 Cum
1655 2186 1836 2256 itaque
1856 2187 1888 2240 6

146 2259 444 2313 Mercurius
492 2261 808 2330 deputatum
859 2260 963 2312 sibi
1010 2279 1041 2313 a
1086 2261 1257 2314 Marte
1305 2265 1516 2330 tempus
1560 2260 1838 2330 acceperit,

147 2352 210 2387 ex
261 2334 538 2403 scripturis
586 2334 906 2403 quibusdam
953 2335 1190 2404 pericula
1227 2335 1388 2387 faciet
1427 2335 1699 2404 concitari,
1746 2338 1839 2387 aut

80 2430 122 2462 30
148 2427 212 2460 ex
262 2408 408 2461 furto
459 2408 715 2461 miserum
767 2409 1018 2462 damnum
1071 2427 1281 2478 semper
1330 2409 1543 2479 infligit,
1599 2409 1690 2461 sed
1741 2408 1839 2460 ini-

268 2589 289 2627 1
325 2583 498 2642 officia]
537 2596 710 2640 genera
742 2588 823 2626 GN
989 2588 1014 2628 3
1049 2584 1328 2628 constitutus
1362 2588 1443 2626 GN
1610 2589 1634 2627 9
1667 2584 1839 2627 misera

146 2643 490 2700 permutatione
526 2646 605 2684 AB
729 2647 782 2685 12
816 2643 975 2702 etiam]
1013 2645 1060 2687 et
1090 2647 1171 2686 BN
1296 2647 1349 2687 13
1381 2643 1643 2686 incursibus
1676 2645 1715 2686 Δ

150 2706 203 2746 15
235 2702 462 2747 restiterit
486 2702 532 2759 a]
565 2701 854 2757 praestiterit
976 2708 1029 2746 18
1062 2702 1206 2746 faciet
1235 2707 1315 2744 GN
1439 2707 1491 2746 19
1525 2701 1582 2745 ab
1617 2701 1742 2745 omni
1769 2702 1835 2760 Γ]

149 2761 347 2805 aliorum
371 2763 410 2804 Δ
534 2765 587 2803 21
621 2760 772 2804 latens
797 2762 898 2819 An]
931 2760 1091 2806 lateris
1130 2765 1135 2817 Ι
1178 2761 1368 2805 latentis
1401 2761 1430 2804 i.
1463 2761 1660 2805 rumoris
1692 2760 1774 2805 inf.
1810 2778 1837 2804 κ

147 2835 180 2864 e.
214 2836 252 2877 9.
401 2825 455 2863 22
487 2819 664 2864 fuerint
695 2819 857 2874 iuncti,
891 2821 1123 2864 adulteria
1155 2820 1334 2864 faciunt
1366 2834 1390 2863 σ
1533 2824 1587 2862 23
1621 2820 1738 2863 haec
1768 2820 1835 2863 fa-

149 2879 307 2923 cinora
331 2882 370 2922 Δ
406 2879 538 2935 (haec
569 2885 610 2923 et
639 2883 672 2921 B
705 2880 827 2934 Pat.)
950 2885 1005 2923 24
1036 2880 1292 2923 Mercurius
1325 2882 1371 2922 et
1405 2878 1481 2922 Sol
1513 2893 1626 2923 corr.
1659 2881 1721 2931 κζ

150 2943 203 2981 27
239 2938 435 2994 deputat
465 2937 547 2980 XX
581 2937 674 2980 A'B
797 2942 850 2980 29
884 2939 1060 2983 facient
1090 2938 1195 2981 Nm
1230 2939 1407 2982 faciant
1438 2938 1496 2980 11¹
