2038 3162
718 141 1077 188 PRAEFATIO.
1616 143 1765 189 XXIX

73 285 103 332 5
124 301 262 334 1—89.
313 285 342 332 6
363 300 501 333 ι-ει.
555 286 583 332 7
634 277 812 351 (115(1110
859 283 924 333 ad
962 301 1009 347 p.
1047 285 1149 332 165
1168 301 1190 334 s
1232 279 1464 351 decernit)
1510 284 1764 347 inscriptis

69 357 372 420 Siynificatio
408 357 614 406 Saturni
644 351 832 425 (IouiS,
863 360 1059 420 martie,
1091 358 1239 419 Solis,
1270 361 1480 419 venene,
1511 353 1765 425 mercurij)

70 435 136 480 iu.
164 432 286 480 XII
284 471 293 480 .
318 432 538 480 domibus
566 434 673 481 siue
703 428 821 481 locis
851 434 1244 495 praemittuntur
1275 448 1386 481 cum
1416 433 1580 481 titulis
1603 433 1764 493 Siqui-

70 509 234 566 ficatio
269 505 475 555 Saturni
514 499 700 574 (Iouis,
740 509 936 564 martis,
973 506 1123 563 Solae,
1162 509 1374 564 veneria,
1409 502 1674 574 Mercurii)
1712 510 1766 556 in

71 582 226 642 siquis
262 581 406 629 haec:
453 580 526 627 IV
561 583 627 629 19
646 597 763 630 5—8.
796 598 931 631 9—12.
969 598 1116 632 13—16
1148 582 1272 630 med.
1315 575 1385 648 (p.
1414 583 1518 631 249
1540 599 1583 631 14
1615 583 1766 642 persi-

72 649 234 722 citur).
303 671 347 704 ³2
380 648 434 721 (a
464 672 512 718 p.
533 656 638 703 254
658 672 699 705 16
730 649 1036 721 facit)—3s.
1070 673 1230 706 17—23.
1265 673 1425 706 24—30.
1478 654 1767 718 Sequuntur

72 729 238 792 capita
259 728 337 777 ΠΙ
357 731 552 778 8-12.
593 729 663 776 IV
688 732 755 778 19
775 748 819 780 34
842 724 898 797 (a
927 747 974 793 p.
1005 731 1108 779 255
1129 724 1328 798 1o)--35.
1368 730 1446 778 III
1474 732 1555 779 13.
1585 732 1651 778 14
1678 724 1766 796 (ad

73 820 121 866 p.
150 805 254 852 194
273 821 317 853 14
346 798 576 871 turbari).
616 804 689 852 IV
708 805 903 852 2--15.
939 806 1006 853 16
1028 822 1166 855 1—11.
1205 804 1252 851 V
1272 808 1298 853 1
1321 821 1445 855 1—86
1478 799 1566 870 (ad
1589 821 1636 866 p.
1659 806 1725 853 18
1744 822 1764 855 2

73 871 385 938 substantia).
429 881 458 926 2
478 895 616 928 2—21.
655 878 833 927 Insunt
848 880 1005 944 igitur
1020 880 1071 926 in
1090 879 1270 944 Angeli
1286 879 1455 928 libello
1472 879 1551 927 ΠΙ
1571 881 1766 927 2—14.

73 952 147 999 IV
182 954 421 1001 2—1611
462 955 512 1000 et
554 955 619 1001 19
639 970 778 1003 5—30.
811 969 973 1004 32—35.
1027 953 1075 1000 V
1110 956 1136 1001 1
1181 956 1231 1002 et
1272 956 1303 1001 2
1343 954 1517 1016 paucis
1558 955 1766 1002 omissis.

78 1025 328 1088 Codicem,
363 1043 421 1075 ex
454 1043 553 1089 quo
585 1027 707 1076 haec
739 1043 967 1090 expressa
998 1030 1135 1088 sunt,
1172 1028 1504 1076 recentiorum
1535 1028 1687 1076 fuisse
1719 1031 1769 1076 et

74 1101 127 1148 in
157 1100 298 1149 libris
331 1101 423 1149 ΙΠ.
456 1105 506 1149 et
538 1101 622 1149 IV.
658 1106 884 1164 apparet,
925 1102 1011 1150 ubi
1050 1103 1341 1166 plerumque
1380 1105 1546 1151 textus
1584 1102 1768 1166 Angeli

73 1191 182 1224 cum
216 1169 282 1224 A'
312 1176 572 1237 consentit,
606 1179 656 1224 et
686 1178 739 1224 in
769 1177 898 1225 libro
924 1176 982 1224 V.
1010 1194 1068 1224 ex
1092 1178 1247 1240 stirpe
1271 1178 1328 1225 Γ
1345 1193 1456 1224 eum
1489 1177 1765 1225 derivatum

74 1265 177 1298 esse
208 1250 522 1312 maximeque
555 1250 618 1299 ad
642 1251 892 1299 Venetum
917 1255 968 1300 Gr
999 1251 1229 1300 accedere
1261 1252 1407 1300 facile
1432 1251 1767 1315 cognoscitur3

73 1339 163 1372 nec
193 1326 362 1372 tamen
397 1325 553 1390 (quod
592 1325 739 1374 facile
779 1325 888 1373 fieri
926 1326 1113 1388 potuit,
1153 1326 1388 1389 quoniam
1421 1326 1644 1374 Venetiis
1677 1326 1767 1373 Er-

72 1398 257 1446 hardus
289 1399 497 1447 Ratdolt
525 1400 870 1463 typographus
893 1400 1176 1464 Augustam
1200 1401 1572 1449 Vindelicorum
1605 1394 1765 1466 venit)

74 1473 179 1536 ipse
212 1473 363 1522 codex
395 1477 445 1522 G
475 1474 586 1522 fons
617 1475 764 1522 huius
799 1475 1032 1523 editionis
1067 1475 1178 1522 fuit.
1234 1475 1306 1523 Eo
1348 1476 1479 1523 enim
1520 1476 1769 1537 exemplar

74 1547 257 1610 Angeli
287 1550 486 1610 praeter
518 1550 706 1597 ceteros
739 1549 909 1611 stirpis
940 1550 997 1597 Γ
1023 1550 1235 1598 asseclas
1267 1551 1459 1614 insigne
1492 1550 1604 1611 fuit,
1636 1549 1768 1611 quod

73 1621 208 1669 haud
237 1623 413 1683 paucis
445 1624 567 1671 locis
599 1623 834 1672 lectiones
867 1625 918 1671 et
948 1624 1308 1686 supplementa,
1339 1624 1518 1686 quibus
1543 1623 1694 1672 codex
1716 1627 1769 1671 N

0 1740 3 1758 ,μ
75 1696 246 1758 stirpis
279 1694 322 1744 Δ
356 1697 636 1761 praecellit,
679 1700 729 1746 et
765 1699 930 1760 ipsum
970 1698 1244 1747 exhibebat.
1298 1698 1510 1746 Videtur
1540 1698 1696 1762 igitur
1726 1699 1768 1746 is

0 1802 2 1811 ‚
77 1770 251 1831 codex,
294 1787 392 1832 quo
424 1771 608 1836 Angeli
638 1771 892 1835 utebatur,
935 1773 1132 1822 fluxisse
1165 1773 1366 1835 quidem
1398 1789 1456 1820 ex
1486 1774 1550 1834 Γ,
1589 1772 1674 1820 sed
1706 1772 1769 1820 ad

0 1852 2 1877 :
80 1844 289 1893 eundem
321 1845 504 1893 librum
535 1847 615 1894 vel
648 1847 859 1894 similem
893 1862 950 1894 ac
973 1851 1026 1895 N
1058 1847 1218 1896 obiter
1249 1849 1495 1896 correctus
1522 1849 1571 1895 et
1594 1849 1769 1895 auctus

0 1940 2 1989 ᾗ
79 1934 196 1967 esse.
250 1919 390 1968 Inter
421 1921 766 1983 supplementa
798 1923 873 1969 est
904 1922 1056 1969 etiam
1088 1922 1312 1984 spurium
1344 1915 1481 1987 (post
1512 1922 1537 1969 I
1564 1922 1666 1970 189
1687 1915 1768 1987 16),

79 1993 138 2040 de
164 2009 262 2056 quo
286 2011 333 2056 p.
351 1994 468 2041 XXI
492 1995 720 2043 diximus.
767 1995 874 2044 Hoc
899 1996 1068 2060 igitur,
1094 1997 1179 2058 qui
1204 1996 1469 2044 editionem
1494 1995 1769 2058 principem

0 2059 4 2116 s
79 2068 276 2116 curavit
300 2063 404 2134 (cui
420 2070 566 2131 plane
584 2069 711 2117 nibil
736 2074 811 2118 est
828 2085 939 2118 cum
954 2064 1045 2136 N),
1070 2086 1127 2119 ex
1153 2071 1335 2135 Angeli
1358 2070 1485 2118 libro
1510 2070 1769 2132 depromp-

78 2142 165 2202 sit,
213 2143 300 2203 qui
346 2145 389 2191 ei
437 2144 589 2191 etiam
635 2143 768 2191 haud
812 2160 997 2206 paucas
1038 2145 1429 2205 emendationes,
1477 2160 1599 2206 quas
1639 2161 1696 2192 ex
1732 2160 1770 2191 v

0 2222 2 2267 ζ
79 2217 360 2278 attulimus,
405 2218 760 2279 suppeditavit.
815 2218 920 2266 Nec
958 2219 1146 2281 sprevit
1183 2218 1433 2282 Angelum
1471 2219 1769 2267 Pescennius

0 2345 4 2355 .
77 2290 234 2354 Niger
258 2291 469 2338 Aldinae
501 2291 676 2353 editor,
709 2292 843 2354 quod
873 2293 1024 2355 paulo
1049 2294 1163 2355 post
1187 2293 1462 2356 apparebit.
1511 2292 1769 2341 Lectiones

0 2395 6 2412 f
76 2364 259 2429 Angeli
298 2365 559 2428 appendici
598 2366 743 2414 huius
783 2367 1131 2429 praefationis,
1172 2383 1297 2429 quae
1339 2367 1655 2416 collationem
1692 2382 1768 2415 co-

0 2450 3 2483 ῑ
78 2439 209 2487 dices
241 2443 294 2487 N
324 2439 544 2502 praebet,
574 2441 890 2489 inseruimus.

0 2506 5 2520 ⁷
152 2513 343 2562 Novem
384 2516 525 2562 annis
564 2517 827 2577 postquam
868 2515 989 2563 haec
1028 2516 1245 2564 frustula
1277 2515 1575 2564 desiderium
1613 2517 1769 2564 totius

0 2573 9 2672 ἶ,
80 2589 242 2649 operis
281 2587 562 2637 hominibus
602 2591 723 2637 artis
762 2590 1143 2638 mathematicae
1184 2590 1559 2638 studiosissimis
1590 2590 1770 2638 iniece-

0 2674 12 2730 1
78 2664 213 2722 rant,
260 2662 454 2726 integer
496 2662 737 2712 Firmicus
783 2663 920 2725 typis
967 2664 1231 2712 mandatus
1279 2666 1355 2712 est
1400 2665 1453 2712 in
1500 2665 1766 2712 editione
1799 2672 1828 2700 V

0 2730 17 2789 ξ
78 2736 376 2799 principe,
417 2738 556 2785 cuius
587 2738 639 2785 in
671 2738 804 2786 calce
837 2738 1043 2802 legitur:
1098 2739 1401 2799 Impressum
1442 2739 1648 2787 Venetus
1678 2754 1772 2799 per

79 2807 334 2869 Symonem
372 2812 658 2870 papiensem
695 2812 875 2859 dictum
918 2813 1170 2873 biuilctqua
1206 2815 1363 2860 1497.
1404 2813 1481 2861 die
1515 2814 1584 2860 13
1615 2813 1768 2861 Iunii.

0 2895 11 2941 :¹
82 2881 219 2939 Quae
251 2883 411 2932 instar
444 2886 518 2933 est
550 2885 732 2933 codicis
757 2885 926 2947 stirpis
951 2887 1013 2948 P,
1048 2903 1105 2934 ex
1129 2902 1226 2948 quo
1252 2887 1518 2950 diligenter
1542 2902 1771 2948 expressa

0 2956 18 3026 ζ
83 2959 171 3007 est.
225 2957 324 3014 Qui
362 2957 627 3006 editionem
667 2961 861 3008 curavit
900 2953 1101 3025 (nomen
1142 2954 1383 3026 tacetur),
1426 2961 1559 3007 haud
1598 2961 1768 3023 paucis

0 3034 12 3066 t

0 3068 16 3162 l
