2100 3186
818 93 883 139 VI
914 98 985 150 32,
1010 105 1174 140 48-57,
1738 91 1842 144 189

264 216 378 287 [De
417 214 979 284 accusationibus]
1045 213 1104 268 Si
1136 212 1489 268 accusationis
1519 214 1698 266 locum
1729 231 1845 282 par·
1864 212 1936 266 53

151 291 238 344 tili
290 290 523 344 volueris
575 290 783 343 ratione
837 288 1106 360 colligere,
1158 306 1190 340 a
1238 287 1411 340 Marte
1465 305 1672 355 semper
1725 304 1846 339 con-

152 364 370 434 putabis
410 364 477 416 ad
516 362 828 431 Saturnum,
877 365 930 416 et
970 362 1286 421 tantundem
1325 361 1391 414 ab
1431 361 1755 429 horoscop0,
1794 364 1848 413 et

153 439 207 490 in
261 455 598 508 quocumque
649 437 803 508 signo
854 454 977 506 pars
1026 436 1218 488 ultima
1269 435 1538 505 ceciderit,
1591 434 1696 488 hoc
1745 434 1847 487 tibi

108 536 130 569 5
155 513 368 583 signum
414 530 512 581 pro
559 515 751 564 natura
796 528 892 563 sua
939 513 992 563 et
1037 528 1136 579 pro
1183 509 1508 563 testimoniis
1551 512 1846 562 ceterarum

155 586 432 640 stellarum
472 585 826 638 accusationis
865 584 1068 637 exitum
1109 587 1386 637 monstrat.

266 660 377 730 [De
416 659 806 712 adversariis
847 661 909 711 et
947 657 1266 727 inimicis]
1323 657 1383 711 Si
1421 655 1939 710 adversariorum54

154 734 332 787 locum
371 736 425 787 et
463 733 803 786 inimicorum
841 732 1026 802 partili
1063 732 1299 785 volueris
1338 731 1546 785 ratione
1579 731 1848 802 colligere,

158 827 251 878 per
289 807 428 860 diem
467 826 499 860 a
535 807 707 859 Marte
746 807 814 860 ad
851 806 1179 860 Mercurium
1218 806 1553 875 conputabiS,
1591 824 1687 875 per
1723 822 1848 858 noc-

87 907 131 940 ιο
155 886 264 935 tem
303 900 430 935 vero
470 900 502 934 a
531 881 799 934 Mercurio
839 899 1024 933 rursus
1065 880 1132 933 ad
1161 880 1405 947 Martem,
1445 883 1498 932 et
1532 879 1849 933 tantundem

155 957 222 1009 ab
260 957 576 1026 horoscopO,
623 958 678 1008 et
715 955 772 1008 in
819 973 1156 1025 quocumque
1198 954 1353 1025 signo
1392 954 1686 1007 novissima
1724 971 1849 1024 pars

155 1030 381 1099 venerit,
428 1029 569 1098 <hoc
605 1030 707 1083 tibi
747 1029 996 1100 signum>
1035 1048 1101 1082 ex
1146 1032 1337 1081 natura
1384 1046 1481 1080 sua
1526 1031 1581 1080 et
1623 1046 1689 1080 ex
1728 1029 1850 1081 stel-

154 1104 328 1157 larum
366 1103 692 1157 testimoniis
733 1107 998 1157 monstrat
1035 1103 1297 1156 inimicos

270 1178 380 1247 [De
420 1177 678 1247 amicis]
743 1177 803 1230 Si
841 1178 1136 1231 amicorum
1174 1177 1355 1230 locum
1394 1177 1577 1246 partili
1615 1176 1848 1229 volueris
1865 1174 1938 1228 55

89 1276 132 1309 15
155 1253 364 1305 ratione
412 1252 678 1322 colligere,
727 1270 824 1321 per
870 1252 1010 1304 diem
1051 1251 1266 1320 quidem
1307 1269 1337 1303 a
1375 1250 1502 1304 Iove
1542 1251 1610 1303 ad
1647 1250 1852 1303 Mercu-

157 1327 297 1379 rium
338 1326 679 1396 conputabiS,
725 1344 820 1395 per
863 1329 1080 1379 noctem
1118 1343 1245 1378 vero
1286 1344 1316 1377 a
1354 1325 1621 1378 Mercurio
1662 1325 1728 1377 ad
1766 1323 1850 1377 Io-

156 1418 299 1468 vem,
345 1403 399 1453 et
436 1401 752 1453 tantundem
792 1400 859 1452 ab
899 1400 1222 1469 horoscop03
1273 1399 1330 1452 in
1377 1417 1715 1468 quocumque
1754 1398 1850 1451 ita-

159 1493 261 1544 que
315 1475 469 1545 signo
521 1493 643 1544 pars
695 1475 883 1528 ultima
932 1474 1158 1540 venerit,
1211 1474 1318 1528 hoc
1367 1474 1468 1526 tibi
1519 1474 1734 1543 signum
1785 1491 1851 1525 ex

157 1552 348 1601 natura
395 1566 491 1601 sua
537 1552 591 1600 et
636 1567 701 1601 ex
749 1551 1025 1601 stellarum
1073 1548 1396 1602 testimoniis
1445 1549 1645 1601 amicos
1689 1547 1851 1600 veris-

90 1647 135 1679 πο
160 1624 295 1676 sima
332 1623 540 1676 ratione
579 1622 918 1676 monstrabit.

271 1696 527 1750 Gloriae
558 1699 716 1750 nocte
747 1716 778 1749 a
801 1696 1008 1750 Venere
1040 1696 1105 1748 ad
1136 1695 1335 1765 Iovem,
1366 1697 1450 1748 die
1483 1699 1682 1749 contra.
1732 1694 1853 1748 Ne·
1872 1695 1944 1748 56

160 1772 348 1825 mesis
387 1774 544 1823 nocte
585 1789 615 1822 a
653 1771 890 1824 Fortuna
929 1771 996 1822 ad
1034 1770 1263 1839 Lunam,
1305 1770 1657 1840 potestatis
1697 1772 1853 1822 nocte

160 1864 191 1898 a
222 1844 453 1898 Saturno
486 1845 553 1898 ad
586 1844 782 1913 Solem,
823 1846 997 1898 basis
1029 1849 1184 1898 nocte
1216 1865 1247 1898 a
1276 1845 1495 1898 fortuna
1526 1844 1592 1896 ad
1624 1844 1854 1914 genium.

162 1918 220 1972 Si
258 1938 383 1973 vero
423 1918 608 1973 Venus
653 1919 807 1971 XXX
852 1923 1032 1988 partes
1080 1919 1387 1986 excesserit,
1439 1919 1548 1972 sive
1594 1919 1652 1971 in
1699 1921 1855 1971 nocte

94 2017 136 2049 25
162 1994 272 2046 sive
311 1994 367 2046 in
407 1994 506 2062 die,
544 1994 731 2062 †inter
771 1996 957 2047 contra
996 1994 1136 2046 inter
1176 1994 1223 2046 d.
1264 1997 1450 2046 contra
1490 1993 1582 2045 diu
1623 1995 1821 2044 contra.

275 2067 386 2137 [De
427 2067 666 2137 servis]
724 2066 781 2120 Si
832 2085 1109 2126 servorum
1158 2067 1336 2120 locum
1387 2066 1570 2136 partili
1621 2066 1855 2119 volueris
1875 2065 1944 2118 57

160 2142 366 2194 ratione
418 2142 691 2212 colligere,
745 2160 776 2193 a
820 2141 1085 2194 Mercurio
1134 2159 1342 2210 semper
1389 2140 1705 2209 conputabis
1753 2140 1819 2191 ad
1838 2149 2030 2207 fol-8⁵⁰1,

163 2215 387 2284 Lunam,
426 2218 479 2268 et
516 2215 830 2268 tantundem
870 2215 935 2267 ab
975 2215 1291 2284 horoscope,
1332 2218 1385 2267 et
1424 2215 1481 2267 in
1520 2231 1856 2283 quocumque

166 2290 320 2359 signo
360 2290 550 2341 ultima
588 2307 713 2358 pars
753 2290 972 2358 venerit,
1011 2290 1114 2341 hoc
1151 2289 1253 2342 tibi
1290 2289 1505 2359 signum
1537 2307 1635 2358 pro
1667 2292 1858 2340 natura

102 2386 147 2419 so
171 2382 267 2416 sua
306 2366 359 2416 et
397 2381 493 2432 pro
536 2366 810 2416 stellarum
849 2363 1173 2416 testimoniis
1215 2364 1433 2416 servitia
1472 2362 1813 2415 demonstrat.

287 2484 312 2522 5
347 2493 430 2522 sua
454 2484 494 2523 et
516 2492 600 2535 pro
626 2480 703 2523 alt.
730 2493 812 2523 om.
839 2481 879 2522 Δ
920 2481 925 2534 Ι
965 2480 1221 2522 ceterarum
1245 2492 1327 2523 om.
1355 2482 1433 2521 AB
1467 2481 1697 2522 certarum
1720 2478 1861 2520 D¹Gv

169 2543 194 2582 6
228 2538 424 2583 exitium
455 2537 549 2580 A'B
686 2543 711 2582 8
746 2540 794 2582 et
823 2537 952 2582 inim.
986 2537 1139 2582 locum
1171 2541 1211 2582 Δ
1352 2542 1406 2581 12
1438 2537 1544 2581 add.
1579 2541 1603 2590 ζ
1632 2537 1735 2594 (hoc
1768 2540 1811 2591 a)
1853 2539 1855 2574 i

169 2611 224 2641 ex
256 2600 334 2642 alt.
369 2612 451 2642 om.
483 2600 529 2641 Γ
555 2599 654 2653 (pro
680 2598 733 2653 Δ)
877 2601 930 2640 21
970 2598 1096 2641 Haec
1127 2599 1346 2642 librarius
1378 2598 1610 2655 archetypi
1640 2598 1864 2640 coartavit

168 2671 224 2701 εει)
247 2658 533 2713 plenioribus
560 2657 757 2700 Firmici
787 2657 931 2700 verbis
962 2657 1084 2712 (inde
1116 2671 1145 2699 a
1176 2658 1270 2700 -cte
1304 2670 1332 2699 a
1364 2656 1542 2700 Venere
1573 2657 1692 2699 hanc
1717 2670 1861 2711 para·

169 2717 393 2773 ‘qo-aphram
417 2730 500 2760 om.
525 2720 564 2757 N
595 2718 646 2759 in
673 2721 788 2770 spat.
814 2730 909 2760 vac.
936 2719 963 2758 3
989 2717 1087 2772 lin.)
1130 2718 1136 2773 Ι
1180 2716 1255 2759 die
1289 2718 1447 2759 autem
1473 2718 1634 2759 contra
1667 2721 1732 2759 ter
1756 2715 1862 2758 add.

171 2791 214 2830 a,
244 2777 358 2829 iure
389 2790 489 2819 cum
521 2775 629 2819 haec
658 2776 749 2829 fere
777 2775 913 2818 latere
937 2775 1181 2820 videantur
1203 2777 1255 2819 in
1279 2775 1424 2819 verbis
1448 2776 1674 2829 corruptis
1698 2774 1778 2817 lin.
1803 2777 1864 2818 25

232 2839 287 2877 23
319 2834 465 2892 basis]
506 2835 562 2888 cf.
599 2834 745 2879 Cata]
777 2835 807 2876 1
840 2838 940 2887 160,
966 2847 1008 2877 16
1157 2838 1212 2877 29
1245 2848 1352 2890 pars
1385 2833 1563 2877 venerit
1598 2833 1665 2892 Γ]
1705 2846 1865 2890 perve-

171 2893 295 2936 nerit
325 2896 365 2937 Δ
424 2895 431 2922 ¹
488 2895 656 2936 natura
689 2891 930 2936 stellarum
962 2896 1009 2937 et
1041 2906 1125 2936 sua
1158 2895 1204 2937 et
1234 2892 1515 2936 testimoniis
1549 2895 1588 2935 Δ
