2084 3192
823 157 905 201 VII
936 162 1006 212 20,
1032 170 1168 202 6—13.
1735 159 1842 210 253

147 280 363 334 nocebit
402 283 495 332 aut
533 279 590 331 in
629 278 862 331 auribus.
939 277 1083 330 Mars
1122 281 1176 330 et
1216 276 1478 331 Saturnus
1526 278 1583 330 in
1621 278 1843 348 tropicis

147 354 390 425 <signis>
429 353 620 422 positi,
659 356 711 404 et
750 352 958 404 Lunam
1000 351 1258 420 quadrata
1296 351 1593 405 radiatione
1631 353 1843 420 pulsan-

149 432 251 491 tes,
301 427 625 496 hydropicos
672 426 891 479 faciunt.
971 424 1075 478 Sed
1120 429 1174 478 et
1221 425 1267 477 si
1304 425 1447 479 Mars
1487 429 1542 479 et
1581 425 1842 479 Saturnus
1864 429 1926 479 11

149 470 406 554 diainetra
430 520 485 554 se
514 500 812 553 radiatione
842 499 1147 569 respiciant,
1179 500 1494 570 sanguinem
1526 500 1841 554 reiectantes

103 597 123 630 ο
149 577 404 629 efficiunt.
480 574 623 628 Mars
674 575 731 626 in
778 573 980 627 Cancro
1037 576 1129 626 aut
1182 573 1240 625 in
1271 572 1589 643 Scorpione
1643 577 1736 625 aut
1787 574 1844 627 in

149 649 474 719 Capricorno
526 652 618 701 aut
666 650 720 700 in
766 648 1014 701 Piscibus
1052 646 1348 717 (positus),
1396 649 1441 700 si
1478 648 1686 700 Lunam
1735 648 1843 700 dia-

147 728 317 777 metra
361 723 658 776 radiatione
702 722 974 791 respiciat,
1021 721 1373 792 inpetiginem
1420 722 1718 793 auriginem
1769 724 1842 775 le-

146 816 406 867 pramque
436 797 688 866 perficiet.
752 795 811 849 Si
843 795 1105 849 Saturnus
1130 796 1337 848 Lunam
1368 814 1541 865 neque
1571 797 1629 849 in
1659 797 1842 849 Lunae

147 873 306 924 domo
351 889 524 940 neque
562 871 619 923 in
659 869 876 923 Saturni
924 870 1170 923 domibus
1218 871 1535 924 collocatam
1585 870 1842 923 diametra

80 969 124 1000 10
147 946 442 998 radiatione
473 946 781 1014 respexerit,
821 944 1179 998 aemorroicos
1211 944 1430 1011 faciunt,
1470 945 1556 996 vel
1587 947 1680 1013 qui
1711 946 1842 997 vali-

146 1020 384 1072 tudinem
425 1019 637 1073 fistulae
676 1019 964 1072 incurrant.
1041 1017 1161 1072 Hoc
1197 1018 1338 1071 idem
1376 1022 1430 1071 et
1461 1018 1604 1071 Mars
1643 1020 1700 1072 in
1734 1037 1841 1072 car-

148 1094 362 1147 dinibus
409 1093 644 1163 posituS,
691 1094 735 1146 si
782 1092 1046 1145 Venerem
1103 1092 1362 1145 diametra
1414 1093 1710 1146 radiatione
1764 1112 1840 1145 re-

147 1168 395 1238 spexerit,
434 1167 680 1220 similiter
718 1167 928 1219 efficiet.
1007 1166 1066 1219 Si
1103 1166 1248 1218 Mars
1288 1170 1341 1220 et
1374 1166 1557 1220 Venus
1595 1170 1650 1220 et
1688 1166 1840 1220 Luna
1862 1171 1929 1223 12

146 1244 201 1295 in
261 1242 484 1311 tropicis
539 1243 707 1312 signis
760 1241 925 1310 positi
986 1241 1246 1293 diametra
1299 1259 1356 1293 se
1409 1241 1707 1294 radiatione
1759 1261 1838 1294 re-

81 1338 121 1370 15
148 1317 434 1386 spexerint,
473 1319 527 1369 et
566 1334 657 1368 eos
691 1315 954 1368 Saturnus
994 1318 1087 1367 aut
1126 1315 1183 1367 in
1213 1315 1392 1368 Leone
1441 1319 1533 1367 aut
1571 1317 1629 1368 in
1660 1315 1836 1368 Tauro

146 1394 239 1443 aut
270 1391 326 1443 in
359 1389 649 1461 Sagittario
682 1393 776 1442 aut
806 1390 864 1442 in
894 1389 1137 1442 Piscibus
1170 1392 1465 1443 collocatus
1496 1408 1592 1459 per
1622 1393 1836 1443 noctem

145 1465 358 1533 viderit,
397 1464 714 1535 podagricos
754 1464 965 1533 efficiet,
1006 1465 1050 1517 si
1089 1482 1214 1515 vero
1253 1481 1349 1533 per
1388 1464 1544 1532 diem,
1592 1464 1838 1533 elephan-

145 1539 329 1591 tiacOS.
423 1537 528 1591 Sed
574 1542 628 1591 et
678 1539 723 1591 si
769 1538 922 1590 Luna
967 1538 1024 1590 in
1069 1537 1245 1590 Tauro
1298 1538 1460 1590 fuerit
1508 1538 1724 1591 inventa
1786 1542 1839 1591 et

148 1612 409 1666 Saturnus
449 1613 505 1665 in
546 1611 859 1681 Scorpione,
906 1615 999 1664 aut
1036 1611 1190 1664 Luna
1229 1613 1285 1664 'm
1325 1611 1618 1681 Scorpione
1656 1616 1710 1665 et
1750 1611 1840 1665 Sa-

77 1708 121 1740 20
144 1691 336 1740 turnus
384 1688 441 1738 in
486 1686 685 1751 Tauro,
740 1705 838 1739 nec
886 1686 1093 1738 Lunam
1147 1686 1398 1739 benivola
1453 1689 1609 1740 stella
1659 1686 1840 1755 aliqua

143 1762 439 1814 radiatione
490 1761 764 1831 respiciat,
819 1760 1172 1829 elephantiaci
1222 1764 1520 1813 nascentur.
1599 1760 1657 1813 Si
1703 1760 1837 1813 Mer·
1859 1763 1926 1814 13

145 1835 324 1888 curius
374 1838 467 1888 aut
513 1836 567 1887 in
609 1834 834 1905 Virgine
884 1839 978 1887 aut
1024 1835 1081 1886 in
1119 1834 1364 1887 Piscibus
1412 1835 1735 1887 constitutus
1782 1836 1838 1887 in

143 1909 443 1978 horoscopo
490 1909 562 1961 sit
612 1910 881 1978 partiliter
929 1909 1160 1978 positUS,
1208 1913 1261 1961 et
1306 1928 1427 1962 eum
1469 1907 1730 1962 Saturnus
1785 1913 1837 1962 et

143 1983 288 2035 Mars
329 1983 588 2052 quadrata
626 1983 922 2035 radiatione
967 1983 1276 2052 respiciant,
1324 1983 1540 2036 insanos
1588 1983 1837 2036 efficient.

78 2078 120 2110 25
146 2056 203 2109 Si
243 2056 388 2109 Mars
428 2061 481 2110 et
521 2055 781 2110 Saturnus
820 2057 878 2108 in
919 2057 1137 2110 anafora
1182 2057 1470 2126 horoscopi
1510 2058 1619 2109 sint
1657 2057 1743 2109 vel
1782 2057 1839 2109 in

146 2129 292 2183 VIII.
326 2131 391 2182 ab
423 2131 723 2200 horoscopo
762 2131 897 2199 locO,
935 2132 1134 2183 facient
1164 2149 1260 2199 per
1296 2150 1478 2184 narem
1518 2133 1610 2183 aut
1650 2149 1747 2199 per
1779 2150 1838 2184 os

147 2209 240 2257 aut
277 2223 373 2273 per
410 2223 571 2257 anum
611 2206 923 2275 sanguinem
956 2205 1114 2257 mitti.
1194 2204 1251 2257 Si
1290 2204 1434 2257 Mars
1484 2208 1538 2258 et
1578 2205 1837 2258 Saturnus

146 2279 222 2331 ita
261 2279 369 2331 sint
408 2279 678 2342 collocati,
726 2281 786 2330 ut
837 2297 974 2331 unus
1021 2279 1260 2348 ipsorum
1309 2279 1365 2331 in
1404 2277 1518 2331 MC.
1560 2280 1654 2347 sit,
1701 2280 1836 2332 alius

148 2353 203 2404 in
243 2351 409 2422 IMC.,
463 2371 527 2404 ex
576 2354 755 2421 pravis
802 2352 1119 2406 humoribus
1159 2353 1409 2406 vitiosam
1450 2353 1837 2424 aegritudinem

267 2547 292 2584 2
326 2543 432 2586 add.
465 2545 490 2594 ζ
621 2548 648 2585 4
678 2543 935 2598 respiciant
966 2557 1049 2587 om.
1082 2547 1120 2585 Π
1268 2548 1293 2586 6
1328 2544 1433 2587 add.
1468 2547 1492 2596 ζ
1633 2548 1655 2586 7
1690 2543 1836 2599 respi-

147 2601 274 2644 ciant
304 2606 343 2643 Π
393 2603 398 2656 Ι
449 2601 709 2657 auriginem
734 2602 774 2660 ζ]
806 2602 1115 2656 mauriginem
1238 2607 1293 2646 10
1327 2617 1615 2658 emorroycos
1639 2607 1678 2645 Π
1711 2616 1835 2646 emo-

146 2674 309 2715 roycos
341 2665 395 2702 W
578 2666 629 2703 11
675 2661 916 2704 incurrunt
946 2666 1048 2703 ΠΨ
1091 2675 1203 2705 corr,
1238 2665 1262 2714 ζ
1440 2667 1493 2704 12
1539 2662 1578 2704 si
1620 2676 1702 2706 om.
1737 2666 1776 2703 Π

151 2724 204 2762 17
236 2720 470 2776 podagros
501 2734 613 2764 corr.
647 2734 702 2763 ex
731 2721 965 2776 podagras
997 2725 1036 2762 Π
1093 2723 1098 2776 Ι
1156 2720 1329 2764 efficiet
1359 2735 1441 2764 om.
1471 2725 1509 2763 N
1559 2724 1564 2775 1
1615 2720 1834 2776 elephan-

148 2778 266 2822 ticos
297 2783 399 2820 ΠΨ
551 2784 602 2821 ’21
645 2778 957 2835 elephantiari
987 2783 1026 2821 Π
1178 2785 1231 2822 22
1273 2782 1354 2822 aut
1379 2782 1515 2835 prius
1546 2794 1628 2824 om.
1662 2784 1716 2821 W

149 2842 204 2879 25
238 2837 299 2881 sit
329 2842 431 2879 ΠΨ
463 2851 575 2882 corr.
611 2840 634 2890 ζ
771 2843 825 2880 26
859 2838 979 2882 facie
1010 2843 1049 2880 Π
1106 2840 1112 2887 2
1169 2852 1280 2882 nare
1313 2853 1425 2883 corr.
1459 2852 1484 2882 σ
1516 2840 1597 2894 (an
1628 2852 1762 2883 nares
1794 2838 1834 2895 ?)

149 2956 166 3010 <
208 2901 261 2939 27
296 2899 378 2939 aut
409 2910 498 3009 peg)
524 2910 663 2939 anum
694 2911 776 2940 om.
804 2901 842 2939 Π
963 2901 1017 2940 29
1051 2897 1218 2941 vitiosa
1250 2898 1512 2954 egritudine
1537 2902 1639 2940 ΠΨ
1670 2912 1782 2943 corr.
1809 2912 1835 2941 σ

167 2968 292 2998 ·osas
326 2969 428 2998 -nes
