2066 3192
241 142 347 195 104
987 143 1216 189 FIRMICI

236 266 290 315 et
337 280 548 315 omnem
595 264 735 317 vitae
783 265 1135 318 substantiam
1182 266 1342 319 variis
1391 284 1450 319 ac
1487 267 1641 320 malis
1679 265 1925 319 laborum

236 337 727 391 continuationibus
791 339 1168 409 quatiunt[ur].
1262 339 1366 392 Sed
1418 340 1610 394 horum
1661 340 1924 393 malorum

234 412 428 464 fortius
467 413 655 465 crescit
691 413 1007 482 inprobitas,
1047 414 1092 466 si
1131 414 1187 466 in
1225 414 1496 467 femininis
1537 415 1817 468 constituti
1857 415 1925 468 si-

236 486 357 557 gnis
397 486 501 538 ista
537 487 665 555 (se)
702 487 997 540 radiatione
1037 488 1380 557 respexerint.

150 558 219 612 14
349 558 687 629 [Saturnus
729 565 789 614 et
826 561 1039 616 Venus
1080 562 1415 632 diametri]
1472 561 1530 615 Si
1571 562 1831 616 Saturnus
1873 566 1926 615 et

235 633 417 686 Venus
457 634 713 688 diametra
752 654 807 688 se
845 637 1140 690 radiatione
1178 636 1520 706 respexerint,
1558 637 1683 704 (et)
1718 637 1775 689 in
1806 654 1926 689 con-

180 741 184 744 <
235 708 415 760 trariis
470 710 750 762 constituti
802 710 935 764 locis
981 711 1144 780 longa
1190 729 1244 763 se
1290 711 1519 764 invicem
1568 712 1761 764 virium
1810 729 1926 763 sua-

235 801 354 834 rum
392 785 657 851 potestate
691 785 1040 854 pulsaverint,
1077 785 1276 838 facient
1306 785 1549 839 homines
1581 785 1925 854 lupanaribus

237 857 443 910 deditos
487 859 789 927 promiscua
833 859 1118 912 libidinum
1172 859 1537 943 <cupiditate>
1592 862 1768 912 scorta
1820 877 1928 912 sec-

237 931 352 1001 tari,
399 934 460 984 ut
505 951 571 984 ex
615 932 720 985 hoc
765 951 886 986 cum
932 952 1128 1004 magna
1173 937 1302 987 nota
1342 934 1492 1005 gravi
1530 934 1812 1003 pulsentur
1849 934 1924 986 in-

151 1004 218 1059 15
235 1005 412 1058 famia.
488 1006 715 1059 Faciunt
761 1008 922 1060 etiam
972 1027 1061 1061 eos
1100 1008 1342 1060 libidinis
1381 1026 1539 1060 causa
1576 1008 1677 1076 <a>
1715 1009 1927 1092 nuptia-

234 1080 377 1133 libus
416 1081 641 1134 vinculis
682 1085 978 1152 separatos,
1026 1083 1116 1135 sed
1163 1085 1217 1135 et
1255 1083 1299 1135 si
1340 1083 1426 1136 cui
1466 1101 1530 1135 ex
1570 1086 1745 1135 cetera
1784 1083 1927 1153 geni-

236 1158 386 1206 turae
419 1156 719 1208 substantia
752 1157 1021 1209 decretum
1054 1157 1455 1210 matrimonium
1482 1156 1660 1225 fuerit,
1692 1156 1925 1226 aliquam

237 1246 357 1281 cum
398 1230 616 1298 pudoris
657 1231 740 1282 sui
780 1231 1096 1284 detrimento
1131 1232 1357 1284 sortitur
1386 1250 1623 1300 uxorem,
1661 1234 1755 1283 aut
1787 1235 1927 1284 certe

236 1302 344 1355 illis
391 1322 527 1356 uxor
573 1303 893 1373 decernitur,
942 1324 1101 1374 quam
1147 1305 1463 1375 pestiferum
1502 1307 1694 1358 vitium
1734 1305 1927 1358 misera

239 1378 556 1448 contagione
604 1397 813 1448 semper
858 1380 1161 1448 inmaculet,
1211 1383 1304 1432 aut
1344 1380 1444 1432 erit
1481 1398 1618 1432 uxor
1656 1380 1927 1433 servilium

238 1452 473 1504 sordium
522 1454 766 1521 squalore
813 1456 1035 1524 polluta,
1086 1457 1178 1506 aut
1217 1455 1381 1507 servis
1422 1472 1478 1506 se
1515 1454 1796 1523 prostituti
1833 1474 1928 1524 pu-

238 1527 382 1579 doris
434 1527 711 1596 voluptate
762 1547 969 1598 semper
1019 1528 1267 1581 adsociat.
1347 1528 1451 1581 Sed
1499 1533 1551 1581 et
1596 1528 1729 1598 ipsis
1776 1528 1928 1581 dene-

238 1603 395 1672 gatur
434 1602 606 1654 omnis
646 1621 899 1655 venereae
939 1604 1111 1672 gratia
1149 1603 1459 1655 venustatis,

153 1674 219 1726 16
350 1674 686 1741 [Saturnus
719 1680 779 1729 et
810 1677 1164 1730 Mercurius
1198 1676 1532 1746 diametri]
1576 1675 1631 1729 Si
1666 1675 1927 1730 Saturnus

239 1752 292 1801 et
329 1749 624 1803 Mercurius
666 1751 923 1804 diametra
963 1770 1018 1803 se
1057 1752 1353 1804 radiatione
1392 1751 1736 1819 respexerint,
1780 1754 1834 1803 et
1873 1752 1929 1802 in

238 1824 520 1877 contrariis
583 1825 861 1878 constituti
923 1825 1056 1878 locis
1117 1827 1280 1896 longa
1334 1843 1389 1877 se
1442 1825 1670 1878 invicem
1731 1825 1927 1877 virium

239 1915 451 1950 suarum
492 1902 757 1967 potestate
797 1899 1141 1968 pulsaverint,
1181 1900 1415 1969 linguam
1460 1899 1537 1951 sic
1574 1899 1739 1968 positi
1774 1900 1927 1952 tardo

240 1990 370 2025 sono
433 1973 578 2025 vocis
642 1974 944 2043 inpediunt,
1013 1977 1074 2025 ut
1143 1974 1200 2026 in
1262 1973 1393 2042 ipsis
1455 1974 1700 2026 faucibus
1761 1973 1928 2026 tardis

154 2046 217 2097 17
240 2046 519 2099 conatibus
589 2048 827 2116 inpedita
895 2048 1056 2100 verba
1119 2047 1395 2115 deficiant,
1457 2051 1549 2099 aut
1609 2048 1771 2100 verba
1831 2047 1929 2100 lin-

55 2131 248 2174 sol-73⁷II
269 2139 403 2191 guae
444 2122 772 2191 obligatione
812 2123 1157 2175 confundunt.
1237 2121 1339 2174 Sed
1378 2122 1541 2190 <haec
1581 2123 1755 2189 mala>
1802 2124 1930 2174 tunc

240 2284 298 2337 (2)
331 2282 410 2325 καὶ
442 2284 612 2336 μᾶλλον
645 2282 695 2326 ἐν
726 2285 917 2341 θηλυκῷ
950 2280 1107 2341 ζῳὸίῳ.
1233 2287 1259 2326 8
1293 2286 1396 2336 166,
1419 2286 1482 2326 27
1513 2283 1621 2333 τοὺς
1657 2283 1738 2338 μὲν
1770 2298 1929 2336 πορνι-

240 2341 350 2391 note
381 2342 461 2383 καὶ
494 2341 778 2398 ἀσχήμονας,
818 2343 926 2391 τοὺς
965 2329 1016 2385 δὲ
1055 2343 1144 2398 (11)
1178 2339 1432 2398 ἀγυναίους
1472 2344 1562 2398 (13)
1596 2340 1624 2397 ἠ
1657 2340 1819 2390 κοινὰς
1850 2341 1929 2384 καὶ

240 2398 518 2474 ὑβρισμένας
550 2407 814 2456 γαμοῦντας
845 2399 872 2456 ἢ
906 2399 1261 2456 σεσινωμένας
1246 2418 1273 2456 η
1307 2401 1496 2452 δούλας·
1554 2403 1643 2457 (18)
1690 2399 1734 2444 οἱ
1766 2399 1817 2443 δὲ
1850 2400 1929 2443 καὶ

241 2457 440 2515 χαρίτων
481 2458 680 2515 ἄμοιροι.
807 2466 861 2503 23
897 2463 1000 2513 167,
1028 2464 1054 2503 5
1087 2461 1467 2518 βραὸυγλώσσους
1512 2459 1592 2503 καὶ
1640 2458 1929 2514 δυσέκροφον

240 2518 323 2574 τὴν
356 2518 517 2563 λαλιὰν
551 2517 787 2577 ἔχοντας
773 2517 799 2574 ὴ
831 2519 1071 2574 τραυλούς,

363 2657 383 2694 1
419 2651 559 2694 variis
593 2667 646 2696 ac
676 2654 909 2710 yeminaozt
940 2656 1064 2694 BDG
1216 2657 1240 2695 2
1274 2653 1355 2696 del.
1383 2654 1407 2704 ζ
1554 2655 1581 2693 4
1614 2651 1719 2695 add.
1750 2667 1776 2693 a
1809 2653 1930 2706 (ante

242 2710 349 2767 ista)
457 2716 481 2753 6
515 2712 620 2755 add.
647 2715 684 2753 A
787 2716 812 2754 9
846 2711 952 2754 add.
979 2711 1238 2766 gdibidine
1263 2713 1304 2767 6)
1414 2715 1464 2753 11
1500 2710 1606 2754 add.
1632 2724 1695 2753 κσ
1803 2714 1855 2753 12
1890 2709 1929 2753 si

243 2769 318 2813 cui
350 2770 395 2827 n]
429 2770 566 2813 sicuti
689 2775 743 2813 14
776 2770 1033 2813 sortiuntur
1057 2772 1095 2812 Δ
1222 2774 1275 2813 15
1307 2768 1401 2812 illis
1427 2771 1473 2827 n]
1505 2769 1600 2812 illis
1625 2768 1729 2812 aliis
1754 2774 1789 2810 D
1823 2767 1928 2811 aliis

243 2834 318 2873 cet.
430 2834 481 2871 17
507 2829 772 2885 prostitutis
797 2832 836 2873 Δ
947 2833 999 2872 18
1025 2828 1265 2884 voluptate
1289 2828 1366 2886 1³²]
1391 2828 1530 2884 volup
1533 2829 1653 2872 tates
1762 2832 1815 2870 23
1841 2827 1929 2870 lin-

245 2901 384 2943 guam
410 2887 675 2943 impediunt
698 2891 746 2932 et
769 2889 928 2931 tardos
955 2903 988 2931 s
1015 2903 1053 2929 v,
1080 2887 1341 2943 impediunt
1367 2890 1405 2930 Δ
1433 2843 1609 2941 (ompisso
1635 2886 1701 2929 sic
1724 2886 1884 2942 positi)
1920 2885 1925 2943 Ι

244 2947 447 3002 positam
475 2950 521 2991 Γ
548 2962 658 2992 corr.
686 2951 746 2999 κζ
864 2951 918 2989 25
950 2946 1109 3005 verba]
1141 2946 1283 2990 balba
1315 2963 1341 2989 κ
1463 2951 1517 2989 26
1550 2946 1655 2990 add.
1681 2961 1708 2987 a

1950 956 1993 989 10

1953 1326 1993 1359 15

1953 1697 1995 1730 20

1954 2067 1995 2100 25
