2038 3162
210 121 339 166 XXII
881 119 1236 166 PRAEFATIO.

285 262 437 311 Libro
471 261 639 323 aliquo
670 260 996 322 Neapolitani
1019 262 1230 325 gemello
1263 255 1373 327 (sed
1396 278 1555 326 neque
1579 264 1716 311 fonte
1739 277 1900 325 neque

212 329 524 402 apographo)
549 350 666 384 usus
692 335 766 383 est
787 336 830 383 is
850 337 929 383 vir
952 335 1140 395 doctus,
1165 337 1252 398 qui
1275 338 1385 385 cum
1409 336 1676 386 Firmicum
1700 339 1901 385 auctum

213 414 264 460 et
294 410 607 460 emendatum
640 409 782 456 edere
813 410 866 456 in
898 409 1063 457 animo
1094 410 1314 471 haberet,
1346 412 1614 475 exemplari
1637 427 1739 472 suo,
1772 411 1902 474 quod

210 501 340 534 nunc
373 486 448 532 est

285 578 373 622 24.
411 575 623 621 Aldina
647 574 1108 631 Guelferbytana,
1142 574 1191 620 et
1215 573 1399 622 multas
1431 575 1574 622 notas
1605 574 1903 638 marginales

170 695 173 697 ,
212 647 457 710 adspersit
487 648 537 695 et
567 647 909 708 supplementa
938 646 1179 695 librorum
1202 644 1288 695 VI.
1314 649 1364 695 et
1385 647 1496 697 VII.
1520 647 1745 709 inseruit,
1777 663 1903 710 quae

209 722 513 770 clarissimus
528 715 1018 768 bibliothecariorum
1037 718 1536 784 Guelferbytanorum
1553 721 1608 771 G.
1624 723 1679 770 E.
1693 721 1901 785 Lessing

209 813 268 844 ex
293 811 350 843 eo
373 795 501 843 libro
528 810 656 842 anno
684 795 824 842 1773
853 794 1008 842 edidit
1040 789 1163 861 (Zur
1188 794 1477 844 Geschichte
1502 796 1589 844 der
1609 795 1901 844 Litteratur.

210 870 434 932 Zweyter
457 869 692 931 Beytrag.
747 868 1138 932 Braunschweig
1175 871 1330 919 1773.
1369 870 1499 917 XIX.
1541 870 1904 934 Erganzungen

209 944 294 993 des
324 943 485 992 Iulius
516 942 759 990 Firmicus
784 965 839 980 =
865 943 1173 991 sammtliche
1207 943 1456 991 Schriften
1488 945 1773 1008 herausgeg.
1806 960 1902 992 von

208 1017 772 1067 Lachmann-Maltzahn
792 1010 812 1042 3
841 1017 913 1064 IX
951 1034 998 1079 p.
1033 1011 1178 1083 272).
1257 1018 1544 1067 Petentibus
1591 1018 1732 1067 nobis
1778 1018 1904 1066 liber

211 1091 629 1154 Guelferbytanus
653 1091 1015 1140 Vratislaviam
1045 1092 1365 1140 transmissus
1399 1095 1495 1154 est3
1528 1092 1831 1142 examinavit
1854 1094 1904 1140 et

211 1166 423 1215 contulit
457 1165 661 1229 Ziegler.

284 1232 620 1290 Supplementa
652 1232 763 1276 libri
794 1232 886 1288 VI„
922 1247 1119 1289 quorum
1149 1235 1308 1290 partes
1339 1233 1539 1291 primam
1571 1235 1619 1279 et
1649 1235 1904 1278 extremam

173 1335 185 1347 ,
207 1292 257 1336 in
281 1293 456 1336 Aldina
480 1291 850 1349 Guelferbytana
881 1294 1063 1337 exstare
1096 1293 1155 1336 ad
1192 1297 1274 1336 121
1295 1306 1338 1338 14
1369 1293 1709 1347 adnotavimus,
1741 1293 1903 1351 legun-

207 1355 285 1397 tur
325 1352 374 1396 in
413 1351 563 1396 tribus
603 1351 859 1407 schedulis,
904 1365 1102 1408 quarum
1139 1352 1291 1408 prima
1333 1354 1441 1408 post
1479 1352 1510 1396 f.
1546 1357 1629 1396 126
1668 1352 1779 1395 libri
1817 1352 1903 1395 im·

206 1411 355 1468 pressi
377 1411 557 1455 inserta
582 1412 630 1454 et
655 1415 761 1454 126*ι
785 1411 972 1469 signata
995 1413 1068 1455 est
1091 1413 1138 1455 et
1167 1416 1249 1456 121
1271 1417 1460 1456 10—122
1480 1425 1521 1457 16
1544 1413 1752 1456 collocati
1774 1425 1828 1455 ac
1851 1414 1903 1456 iu

208 1472 357 1516 eodem
388 1473 625 1528 siqnorum
656 1472 880 1526 (extrema
905 1470 1085 1515 scilicet
1108 1470 1165 1515 ie.
1185 1471 1213 1515 l.
1235 1472 1363 1530 15s16
1390 1485 1445 1515 ex
1469 1471 1643 1515 Aldina
1667 1471 1903 1528 descripta

209 1532 337 1585 sunt,
385 1545 490 1574 oum
531 1529 794 1586 exemplum
826 1534 880 1572 W
912 1530 942 1574 l.
971 1534 1025 1572 14
1066 1530 1298 1588 desiisset)
1343 1531 1573 1585 continet,
1612 1530 1818 1574 secunda
1856 1532 1904 1574 et

207 1589 350 1634 tertia
380 1591 487 1646 post
517 1589 549 1632 f.
579 1593 661 1633 128
694 1589 900 1633 insertae
933 1591 979 1633 et
1014 1589 1188 1632 128⁵-b
1220 1589 1435 1647 signatae
1523 1594 1608 1634 133
1627 1603 1646 1634 6
1678 1590 1732 1635 Si
1760 1589 1905 1634 Luna

210 1649 398 1706 (lemma
422 1649 566 1703 deest,
598 1648 690 1691 nisi
722 1649 847 1703 quod
878 1649 927 1692 in
959 1648 1171 1704 margine
1203 1649 1492 1705 adscriptum
1518 1649 1661 1706 Serva]
1685 1676 1737 1682 -
1760 1653 1843 1692 140
1862 1661 1904 1693 10

207 1709 348 1766 sydus
373 1707 595 1752 exhibent
613 1708 658 1764 ¹).
721 1708 752 1752 f.
774 1713 857 1751 126
883 1709 931 1751 in
956 1707 1164 1764 margine
1182 1707 1383 1752 Aldinae
1401 1709 1625 1765 scriptum
1643 1710 1731 1753 est:
1757 1714 1903 1753 textus

208 1769 380 1823 falsus-3
427 1769 535 1810 sunt
574 1781 683 1810 sane
724 1767 882 1823 capita
919 1767 1203 1824 interpolata
1237 1767 1597 1812 XXVII-XXX
1631 1770 1687 1824 (v.
1713 1782 1757 1824 p.
1786 1770 1901 1823 557).

208 1827 239 1870 f.
269 1831 377 1871 127v
408 1827 458 1870 in
489 1826 700 1881 margine
731 1826 905 1883 legitur
938 1827 1215 1870 adnotatum
1247 1827 1307 1870 ad
1346 1827 1611 1884 genituram
1646 1826 1901 1882 Oedipodis

208 1886 307 1930 illic
332 1886 381 1929 in
398 1885 573 1929 Aldina
596 1885 856 1929 inventum:
889 1887 997 1930 haec
1019 1887 1172 1944 fiyura
1188 1888 1346 1943 posita
1361 1892 1425 1931 est
1447 1887 1646 1941 iuferius
1671 1887 1733 1930 ad
1757 1887 1903 1930 locum

208 1960 354 1991 suum.
403 1946 667 2001 deficiebant
697 1947 815 1989 enim
850 1946 1072 2001 quaedam
1102 1947 1155 1988 iu
1184 1946 1265 1990 hoc
1298 1947 1411 1991 libro
1451 1960 1566 2002 quae
1602 1946 1766 1990 addita
1795 1951 1904 1989 sunt

208 2012 261 2050 ut
291 2006 486 2059 inferius
517 2005 664 2048 videri
686 2010 846 2060 potest.
905 2004 966 2048 Et
1004 2004 1191 2048 addidit
1229 2005 1310 2061 qui
1350 2005 1676 2061 supplementa
1716 2004 1903 2060 scripsit

211 2063 466 2121 Oedipodis
512 2063 778 2120 genituram
824 2063 873 2106 in
912 2063 1002 2107 fine
1041 2063 1209 2107 tertiae
1249 2064 1512 2107 schedulae.
1569 2063 1903 2120 Supplementa

210 2123 320 2167 libri
351 2123 448 2166 VII.
482 2124 703 2178 quattuor
741 2122 856 2167 folia
896 2123 1082 2180 explent
1105 2125 1213 2179 post
1244 2123 1274 2166 f.
1303 2128 1386 2167 159
1420 2123 1484 2179 (in
1518 2123 1608 2166 fine
1645 2122 1755 2166 libri
1786 2122 1902 2178 VII.)

210 2183 385 2227 inserta
410 2183 458 2226 et
483 2182 759 2225 159“*-159<1
784 2182 993 2238 signata3
1027 2182 1268 2226 continent
1300 2182 1384 2226 sub
1409 2183 1497 2226 hoc
1521 2181 1658 2226 titulo
1686 2182 1903 2237 Capitula

210 2244 286 2287 hec
312 2247 563 2298 sequuntur
593 2242 987 2286 decimumnonum
1011 2243 1163 2296 capim
1187 2243 1327 2286 huius
1353 2246 1380 2285 7
1390 2246 1439 2276 mi
1464 2243 1573 2285 libri
1597 2242 1789 2296 textum,
1822 2240 1903 2296 qui

210 2317 254 2357 p.
282 2305 367 2344 245
387 2305 573 2345 16—261
595 2313 614 2344 6
645 2301 906 2344 radiatione
936 2301 1164 2356 respiciat.
1228 2300 1368 2344 Deest
1399 2299 1545 2357 igitur
1575 2300 1764 2343 initium
1796 2314 1903 2356 sup-

210 2359 437 2416 plementi
468 2361 520 2402 N
537 2381 591 2396 =
610 2364 695 2403 245
714 2372 851 2413 6—14‚
886 2360 967 2402 sed
998 2359 1135 2402 huius
1160 2373 1317 2403 versus
1343 2365 1367 2402 3
1393 2359 1549 2402 ultimi
1581 2365 1687 2404 ante
1710 2360 1828 2403 enim
1847 2384 1901 2391 —

212 2420 485 2464 dissentiunt
516 2420 621 2475 post
653 2420 795 2475 caput
825 2418 942 2461 XIX.
977 2418 1177 2462 Aldinae
1210 2418 1362 2475 (nobis
1394 2418 1526 2472 XV1.‚
1561 2433 1599 2462 v.
1625 2433 1669 2474 p.
1697 2420 1799 2474 558)
1831 2417 1901 2460 in-

289 2582 329 2638 1)
361 2580 508 2637 ipsius
548 2580 859 2624 additamenti
897 2594 1004 2637 pars
1046 2583 1251 2624 extrema
1289 2581 1338 2624 in
1369 2585 1423 2623 W
1467 2582 1651 2624 servata
1698 2579 1904 2624 eontinet

215 2645 297 2683 167
329 2654 509 2693 versus3
556 2640 637 2695 qui
674 2654 893 2683 numerus
932 2638 1000 2683 ita
1040 2641 1254 2683 convenit
1301 2654 1403 2683 cum
1451 2653 1640 2683 numero
1686 2653 1902 2683 versuum

211 2700 354 2742 totius
387 2699 700 2743 additamenti
731 2703 816 2741 459
842 2701 898 2754 (v.
923 2714 967 2755 p.
994 2698 1108 2755 XII),
1141 2701 1194 2742 ut
1225 2699 1316 2742 tria
1340 2699 1453 2743 folia
1479 2701 1685 2742 extrema
1717 2700 1901 2753 quater-

212 2758 362 2801 nionis
396 2761 598 2801 ceterum
631 2757 861 2814 deperditi
892 2758 941 2801 in
966 2762 1020 2799 W
1052 2760 1234 2802 servata
1266 2771 1366 2802 esse
1397 2757 1494 2801 veri
1527 2757 1677 2801 simile
1709 2757 1781 2800 sit.
1828 2757 1901 2799 In-

211 2817 347 2860 itium
387 2816 435 2858 in
467 2821 521 2858 W
554 2812 739 2860 obvium
772 2822 828 2859 20
862 2830 1074 2859 versuum
1115 2817 1174 2859 ad
1215 2817 1408 2860 lacinias
1450 2816 1551 2860 folii
1582 2816 1721 2872 primi
1750 2815 1902 2859 redire

213 2876 446 2928 videntur;
490 2890 597 2918 nam
637 2876 847 2919 consulto
888 2875 1091 2932 aliquem
1132 2875 1334 2919 mediam
1375 2874 1684 2919 additamenti
1720 2876 1899 2932 partem

213 2933 520 2991 suppressisse
552 2934 626 2978 vix
658 2935 911 2979 credamus.
