2038 3162
210 113 292 157 XX
879 111 1236 159 PRAEFATIO.

209 255 304 302 tim
335 269 394 301 ex
425 253 524 302 alio
557 254 722 303 codice
754 253 1076 316 Neapolitani
1115 253 1303 303 assecla
1340 255 1530 316 petitae
1570 254 1686 300 sunt
1721 252 1908 314 partim

211 344 269 376 ex
299 329 501 391 ingenio
539 329 697 391 ipsius
740 327 1053 389 correctoris,
1093 328 1189 376 viri
1222 327 1495 376 doctissimi
1527 329 1576 376 et
1615 326 1909 387 acutissimi,

209 401 442 450 videntur
484 405 622 451 ortae
667 418 783 451 esse.
849 401 1074 450 Contulit
1118 402 1145 450 I
1186 403 1540 452 4915—5314.
1598 401 1904 449 267—280.

209 476 261 523 II
289 478 503 525 1—-149
537 476 694 538 Kross,
725 477 919 538 reliqua
945 475 1183 525 Graeven.
1241 475 1363 524 Cum
1395 475 1626 524 Palatino
1660 475 1907 523 artissime

211 550 443 599 cohaeret

172 696 177 699 ⁷
284 645 370 688 22.
398 643 709 688 Vaticanus
732 642 978 688 Urbinas
1001 639 1088 688 lat.
1116 640 1220 687 263
1249 632 1393 705 (olim
1420 631 1551 704 493)
1575 637 1778 686 membr.
1801 638 1907 686 foll.

209 729 299 762 scr.
327 715 428 762 171
459 730 548 762 cm.
577 715 644 762 33
665 716 763 762 :23
782 729 1009 763 versuum
1039 715 1104 761 36
1135 714 1331 762 saeculo
1354 713 1460 761 XV.
1507 711 1746 760 Friderici
1771 711 1908 759 ducis

209 787 467 836 Urbinatis
482 790 624 836 iussu
636 781 676 854 ¹)
696 789 1026 851 pulcherrime
1044 788 1220 850 pictus.
1255 786 1479 849 Scriptor
1493 788 1546 834 in
1562 786 1658 833 fine
1675 779 1732 853 (f.
1754 787 1780 833 1
1792 787 1817 833 7
1829 778 1907 851 lv)

207 878 386 909 nomen
420 862 577 910 dedit:
614 862 673 911 G.
697 864 982 923 hispanum.
1036 861 1370 909 Adhibuimus
1402 861 1465 908 ad
1495 861 1521 908 I
1553 862 1622 908 49
1642 860 1831 910 15-53
1851 877 1907 909 14.

211 937 315 984 267
330 938 517 985 -280,
569 937 620 984 II
656 938 857 999 1—183
897 936 1111 984 contulit
1141 935 1296 985 Kroll.

286 1030 371 1073 23.
403 1029 817 1085 Neapolitanus
843 1041 1041 1086 quoque
1063 1024 1394 1072 bibliothecae
1418 1022 1686 1072 nationalis
1702 1021 1804 1070 VA
1825 1023 1909 1084 17,

210 1098 336 1146 liber
358 1099 718 1161 pulcherrimus
746 1099 1150 1147 membranaceus
1181 1098 1286 1148 foll.
1314 1099 1417 1147 209
1452 1098 1640 1146 formae
1663 1098 1908 1144 maximae

208 1188 440 1222 versuum
467 1175 533 1222 37
569 1175 764 1222 saeculo
791 1173 897 1222 XV.
923 1175 1154 1237 vergente
1188 1172 1416 1235 scriptus,
1448 1171 1568 1234 quin
1601 1187 1660 1219 ex
1683 1172 1836 1233 stirpe
1861 1167 1905 1218 Δ

212 1247 510 1296 derivandus
537 1249 615 1310 sit,
640 1248 778 1296 nullo
803 1247 949 1296 modo
967 1247 1187 1294 dubitari
1211 1249 1389 1310 potest.
1432 1245 1529 1294 Sed
1546 1245 1776 1293 debemus
1793 1244 1908 1292 huic

210 1322 338 1370 libro
357 1322 450 1369 soli
474 1338 585 1369 cum
608 1322 881 1384 permultas
898 1322 1135 1370 lectiones
1160 1321 1379 1382 eximias,
1403 1319 1582 1382 quibus
1598 1322 1764 1367 textus
1783 1321 1907 1367 cete-

209 1411 376 1444 rorum
410 1396 633 1445 codicum
665 1397 965 1458 depravatus
997 1396 1250 1458 praeclare
1283 1396 1509 1457 sanatur,
1548 1396 1656 1442 tum
1688 1394 1908 1456 complu-

210 1471 287 1517 ria
313 1472 656 1532 supplementa
683 1473 732 1518 et
755 1472 948 1519 minora
979 1486 1250 1532 paucorum
1272 1485 1508 1518 versuum
1533 1471 1583 1515 et
1605 1468 1796 1516 maiora
1820 1467 1908 1514 illa

213 1545 392 1607 quibus
410 1546 616 1594 lacunae
634 1545 872 1593 librorum
882 1544 966 1593 VI.
978 1547 1027 1592 et
1039 1544 1149 1594 VII,
1186 1543 1390 1592 Firmici
1410 1542 1570 1591 verbis
1589 1544 1718 1591 certe
1736 1540 1908 1606 genui-

210 1621 286 1666 nis
306 1613 380 1684 (11
399 1621 501 1667 121
521 1622 744 1669 14-139
763 1637 781 1668 τ
801 1622 851 1666 et
877 1619 980 1666 245
997 1621 1198 1668 5-—261
1218 1612 1263 1682 6)
1289 1611 1609 1683 explentur.²)
1642 1616 1779 1673 Quae
1798 1631 1908 1664 cum

210 1693 284 1740 ita
315 1693 430 1755 sint,
462 1695 782 1742 manifestum
813 1693 870 1740 fit
903 1693 1167 1754 exemplar,
1204 1709 1262 1740 ex
1294 1707 1390 1755 quo
1421 1696 1474 1740 N
1504 1691 1663 1752 fluxit,
1695 1690 1908 1751 descrip-

210 1771 318 1815 tum
350 1767 548 1830 quidem
581 1783 684 1816 esse
710 1784 767 1815 ex
792 1768 960 1830 aliquo
986 1766 1114 1814 libro
1140 1768 1308 1829 stirpis
1334 1763 1402 1827 Δ,
1435 1765 1519 1814 sed
1544 1766 1781 1813 collatum
1806 1779 1908 1812 esse

211 1858 322 1890 cum
340 1842 506 1890 codice
524 1844 861 1890 vetustissimo
885 1843 935 1889 et
950 1841 1252 1903 plenissimo,
1271 1840 1539 1902 archetypo
1565 1839 1796 1901 stirpium
1812 1834 1908 1885 ΓΔ

211 1918 260 1964 et
283 1916 509 1965 bonitate
537 1919 585 1964 et
608 1917 919 1978 plenitudine
943 1915 1100 1963 multo
1125 1916 1410 1977 praestante
1433 1907 1516 1980 (cf.
1535 1927 1685 1975 supra
1706 1929 1755 1974 p.
1771 1905 1908 1978 XII),

211 2007 270 2039 ex
304 2007 400 2053 quo
425 1991 750 2053 Neapolitani
782 1990 1031 2052 exemplar
1063 1990 1333 2036 innumeris
1365 1989 1487 2037 locis
1519 1987 1835 2035 emendatum
1860 1988 1909 2033 et

211 2067 410 2113 auctum
453 2066 539 2113 est.
603 2065 774 2113 Nihilo
814 2066 979 2112 minus
1018 2063 1151 2111 haud
1190 2062 1504 2125 paucioribus
1543 2062 1665 2109 locis
1696 2059 1909 2109 vilitatis

290 2224 330 2276 1)
363 2221 487 2264 Nam
518 2222 614 2265 iam
645 2222 694 2264 in
726 2221 882 2263 indice
913 2222 1070 2263 vetere
1109 2218 1425 2263 bibliothecae
1456 2217 1698 2261 Urbinatis
1730 2215 1908 2273 (Urbin.

217 2282 348 2336 1671)
380 2281 458 2324 hic
491 2281 634 2324 codex
659 2280 744 2324 sub
769 2293 959 2323 numero
986 2283 1071 2322 275
1097 2278 1482 2322 commemoratus
1508 2278 1579 2321 est
1603 2275 1909 2330 additumque

212 2342 264 2384 in
287 2341 444 2394 viridi,
470 2340 595 2383 unde
620 2339 936 2394 colligendum
959 2337 1055 2381 iam
1080 2340 1192 2380 tunc
1217 2337 1425 2381 codicem
1449 2336 1614 2380 eodem
1638 2336 1909 2390 tegumento

214 2399 483 2443 conclusum
515 2412 616 2443 esse
648 2412 738 2455 quo
770 2412 894 2441 nunc
926 2398 1143 2440 servatur.

288 2460 332 2514 2)
364 2458 538 2501 Earum
570 2458 964 2510 emendationum,
997 2470 1118 2511 quae
1150 2456 1199 2498 in
1230 2455 1304 2498 his
1339 2454 1673 2510 supplementis
1705 2452 1754 2496 in
1777 2453 1910 2496 textu

213 2519 370 2560 nostro
395 2517 628 2574 leguntur,
654 2516 900 2560 nonnullas
924 2515 1017 2558 iam
1046 2529 1073 2558 a
1089 2515 1309 2558 Mauritio
1326 2514 1502 2570 Haupt,
1526 2513 1682 2557 Herm.
1701 2511 1806 2556 VIII
1825 2515 1907 2555 182

214 2599 268 2613 =
289 2575 639 2632 Opuso.111623
695 2576 907 2620 inventas
934 2589 1032 2618 esse
1058 2588 1157 2617 sero
1184 2573 1396 2617 vidimus.
1440 2572 1558 2615 Sunt
1572 2572 1683 2615 hae:
1709 2570 1907 2614 1113523

212 2641 426 2680 tectorum
503 2649 545 2679 25
576 2650 735 2680 saevus
813 2639 896 2678 136
915 2647 935 2678 8
967 2640 1006 2678 et
1039 2647 1202 2678 causas
1280 2637 1362 2675 138
1381 2644 1423 2676 25
1453 2638 1716 2688 stuprorum
1745 2644 1909 2687 ymera

214 2700 297 2738 251
318 2707 358 2739 27
397 2696 690 2739 stomachicos
793 2699 915 2738 2537
956 2694 1214 2750 auriyinem
1322 2696 1444 2735 2545
1484 2706 1513 2734 a
1553 2690 1907 2735 discriminibus.

212 2754 460 2798 Praeterea
485 2754 685 2798 coniecit
708 2753 749 2796 ΙΙ
769 2758 850 2796 137
872 2767 890 2797 2
917 2754 1068 2796 amari
1089 2751 1247 2809 stellis]
1274 2756 1357 2795 aut
1379 2766 1409 2794 a
1434 2751 1639 2795 tristibus
1662 2748 1739 2791 vix
1761 2749 1907 2803 recte;

217 2812 360 2855 etiam
385 2813 639 2868 speciosius
662 2814 758 2856 ’250
778 2826 819 2856 14
850 2813 1207 2866 adtenuatosque
1231 2823 1313 2866 pro
1340 2810 1656 2863 adunatosque
1680 2807 1907 2861 codicum,

215 2873 525 2927 lunaticosque
556 2876 598 2927 ζ,
637 2875 794 2915 tamen
827 2871 948 2914 hanc
989 2869 1363 2914 emendationem
1402 2881 1556 2912 veram
1597 2880 1696 2911 esse
1735 2866 1908 2909 lemma

214 2933 317 2988 (250
336 2933 392 2987 10)
425 2932 609 2974 videtur
639 2930 849 2987 probare.
