2084 3192
284 149 316 200 2
324 148 392 200 70
1014 145 1243 191 FIRMICI

283 273 335 321 et
388 269 531 322 Mars
594 269 649 320 in
713 285 1052 337 quocumque
1113 267 1327 321 cardine
1386 267 1651 337 partiliter
1702 268 1972 337 <fuerint>

283 343 547 411 collocati,
587 345 680 394 aut
719 341 990 395 eunuchos
1024 345 1117 394 aut
1147 341 1613 411 hermaphroditos
1645 342 1856 395 facient.
1912 340 1971 395 Si

281 435 406 470 vero
441 416 536 470 Sol
567 420 620 469 et
646 416 798 468 Luna
830 415 1011 468 eadem
1044 434 1149 484 qua
1180 416 1412 468 diximus
1442 418 1650 469 ratione
1680 417 1737 468 in
1768 434 1971 469 mascu-

281 491 405 544 linis
447 490 616 561 signis
655 491 857 543 fuerint
888 490 1150 558 collocati,
1190 493 1243 542 et
1282 491 1326 543 si
1359 489 1542 543 Venus
1581 491 1638 543 in
1674 490 1970 544 masculino

282 566 435 635 signo
469 565 539 617 sit
569 565 760 634 posita,
801 567 854 616 et
886 565 957 616 sit
987 564 1227 616 mulieris
1258 564 1364 617 ista
1395 566 1654 635 genitura,
1685 567 1973 619 nascentur
2018 585 2038 617 5

281 638 531 691 mulieres
573 656 708 707 quae
745 638 892 690 virili
932 639 1107 691 animo
1148 638 1446 691 succinctae
1485 640 1541 690 in
1579 639 1797 691 modum
1835 639 1971 691 viro-

198 713 399 767 ,2rum
447 730 567 765 cum
614 711 928 767 mulieribus
977 712 1119 766 coire
1175 712 1486 766 desiderent.
1572 712 1630 765 Si
1678 712 1860 765 Venus
1913 712 1971 764 in

279 786 530 839 Mercurii
563 786 722 838 domo
761 787 924 838 fuerit
953 787 1184 856 inventa,
1224 791 1277 840 et
1306 785 1603 841 Mercurius
1642 786 1699 839 in
1729 786 1971 855 VeneriS,

281 864 373 913 aut
411 862 456 912 si
494 860 598 914 hoc
636 860 774 913 idem
817 861 874 912 in
911 861 1111 913 finibus
1151 861 1260 914 suis
1299 859 1536 930 fecerint,
1573 860 1726 913 Luna
1756 879 1881 914 vero
1914 861 1969 912 in

279 934 504 1006 Virgine
545 938 636 987 aut
674 935 729 986 in
771 933 1093 1003 Capricorno
1134 938 1226 987 aut
1263 936 1321 987 in
1352 935 1528 988 Tauro
1569 938 1661 987 aut
1698 935 1754 987 in
1792 934 1970 988 Leone
1995 955 2039 987 ιο

278 1010 348 1061 sit
386 1009 579 1078 posita,
620 1012 823 1061 ceterae
854 1027 979 1062 vero
1019 1008 1343 1062 masculinae
1382 1008 1566 1062 stellae
1603 1011 1660 1062 in
1698 1009 1970 1061 femininis

279 1083 387 1134 sint
420 1083 601 1153 signis,
639 1083 926 1136 femininae
962 1101 1086 1135 vero
1120 1084 1174 1135 in
1206 1083 1528 1153 masculinis,
1566 1083 1823 1135 biformes
1854 1083 1973 1135 her-

277 1157 707 1226 maphroditique
743 1161 1043 1211 nascentur.

226 1231 258 1283 3
390 1230 507 1300 [De
546 1229 835 1300 inpuris]
915 1230 972 1283 Si
1012 1231 1308 1284 Mercurius
1349 1234 1402 1285 et
1441 1230 1626 1284 Venus
1675 1232 1874 1300 pariter
1913 1230 1967 1282 in

276 1304 418 1357 XIX.
458 1308 609 1374 parte
649 1304 849 1358 Arietis
890 1306 998 1358 sint
1035 1306 1221 1374 positi,
1268 1306 1488 1375 inpuros
1530 1323 1618 1357 ore
1669 1305 1968 1374 perficiunt.
1995 1324 2036 1357 15

279 1378 383 1431 Sed
437 1383 490 1432 et
543 1379 586 1431 si
633 1379 819 1432 Venus
873 1383 927 1432 et
971 1379 1123 1432 Luna
1177 1381 1559 1448 cuiuscumque
1612 1380 1753 1450 signi
1801 1378 1967 1431 XXX.

278 1453 548 1506 tenuerint
586 1457 808 1522 partem,
848 1457 901 1505 et
938 1473 1035 1522 per
1075 1455 1393 1522 quadratum
1442 1472 1498 1506 se
1545 1454 1968 1521 diametrumque

276 1527 578 1597 respiciant,
616 1527 748 1580 haec
778 1528 961 1580 eadem
993 1528 1126 1580 vitia
1154 1528 1384 1580 latenter
1415 1527 1646 1580 exerceri
1675 1527 1967 1596 perficient.

279 1600 336 1652 Si
381 1619 508 1654 vero
557 1602 759 1654 domini
807 1620 990 1654 eorum
1040 1603 1317 1672 signorum
1371 1604 1427 1654 in
1476 1601 1670 1670 quibus
1717 1601 1869 1654 Luna
1915 1604 1968 1653 et

277 1674 460 1728 Venus
492 1675 657 1727 XXX.
692 1676 968 1744 possident
1005 1680 1225 1745 partem,
1264 1676 1396 1729 haec
1436 1676 1617 1728 eadem
1657 1676 1810 1746 signa
1843 1693 1966 1743 qua-
1992 1692 2035 1727 ρο

275 1749 410 1801 libet
449 1750 743 1802 radiatione
773 1750 1118 1820 respexerint,
1155 1751 1288 1803 haec
1320 1750 1502 1803 eadem
1533 1750 1665 1802 vitia
1696 1751 1809 1802 sine
1842 1767 1968 1801 cura

274 1823 492 1891 pudoris
532 1823 744 1892 publice
784 1824 1117 1877 exercebunt.

112 1909 284 1945 fou-08⁰1
389 1897 509 1967 [De
548 1898 883 1950 sterilibus
923 1902 983 1950 et
1024 1898 1353 1967 cinaedis]
1433 1897 1491 1950 Si
1522 1897 1665 1950 Mars
1699 1900 1751 1950 et
1784 1896 1965 1949 Venus

221 1971 331 2024 4in
378 1971 643 2024 matutino
692 1975 815 2024 ortu
864 1972 1112 2024 collocati
1159 1973 1214 2024 in
1260 1971 1557 2025 masculino
1606 1973 1759 2040 signo
1808 1971 1967 2023 simul

275 2046 474 2098 fuerint
511 2045 691 2114 positi,
730 2046 978 2099 mulieres
1011 2047 1276 2116 viragines
1316 2047 1628 2114 sterilesque
1667 2045 1963 2114 perficiunt.
1990 2065 2032 2097 25

273 2119 337 2171 In
383 2121 618 2172 virorum
666 2138 792 2172 vero
839 2120 1102 2190 genituris
1158 2122 1202 2172 si
1256 2120 1311 2171 in
1364 2120 1636 2172 femininis
1688 2119 1855 2189 signis
1911 2119 1966 2170 in

273 2194 577 2262 vespertino
619 2197 738 2246 ortu
771 2194 931 2246 simul
961 2195 1162 2246 fuerint
1194 2193 1457 2258 collocati,
1497 2196 1550 2245 et
1581 2211 1671 2245 eos
1706 2192 1964 2245 Saturnus

275 2267 515 2335 qualibet
555 2268 848 2320 radiatione
888 2269 1203 2337 respexerit,
1245 2268 1490 2320 cinaedos
1532 2267 1788 2337 efficient,
1834 2270 1965 2318 tem-

273 2341 487 2410 plorum
528 2342 772 2394 cantibus
813 2342 1116 2394 servientes
1195 2341 1252 2394 Si
1291 2360 1416 2394 vero
1467 2343 1524 2394 in
1563 2340 1747 2393 Ariete
1785 2341 1871 2393 vel
1909 2341 1964 2391 in

275 2414 598 2484 Capricorno
623 2416 897 2468 stellarum
916 2417 1078 2468 fuerit
1099 2417 1204 2468 ista
1229 2415 1549 2483 coniunctio,
1564 2415 1696 2467 haec
1711 2414 1965 2484 (eadem)
1989 2434 2032 2466 30

395 2536 417 2573 1
453 2532 557 2574 add.
592 2547 619 2573 a
741 2537 765 2574 2
798 2531 1155 2575 hermofroditos
1187 2533 1260 2576 hic
1290 2535 1416 2574 ARN
1448 2537 1487 2575 et
1520 2536 1618 2584 269,
1646 2535 1700 2573 24
1725 2536 1767 2574 et
1789 2531 1817 2573 l.
1845 2534 1898 2573 12
1923 2534 1962 2571 N

275 2595 300 2632 3
331 2590 594 2634 radiatione
625 2593 712 2633 AG
848 2596 872 2633 5
905 2591 1159 2634 miscentur
1190 2594 1229 2634 Δ
1373 2595 1397 2634 6
1432 2590 1666 2633 succincte
1697 2594 1777 2631 AD
1793 2589 1826 2647 ²]
1860 2602 1961 2632 suc-

275 2649 476 2692 cinctam
597 2654 621 2690 9
654 2663 760 2692 vero
792 2650 915 2691 idem
950 2650 998 2693 in
1029 2653 1069 2692 A
1195 2654 1249 2693 10
1282 2650 1330 2692 in
1363 2655 1468 2693 ante
1500 2648 1778 2706 Capricorno
1810 2662 1893 2692 om.
1919 2650 1959 2690 A

337 2713 389 2751 12
423 2708 627 2751 feminae
659 2707 752 2750 A'B
892 2713 945 2750 15
978 2710 1110 2765 parte
1144 2723 1227 2752 om.
1261 2712 1301 2752 Δ
1428 2714 1481 2751 16
1515 2708 1606 2751 Sed
1637 2709 1685 2750 et
1714 2721 1796 2750 om.
1831 2709 1870 2749 A

277 2772 328 2808 17
363 2767 566 2810 tenuerit
597 2771 677 2809 An
822 2773 876 2811 18
907 2767 1159 2823 respicient
1189 2767 1286 2810 A'G
1422 2773 1477 2811 20
1509 2766 1750 2823 possident
1780 2768 1962 2821 partem

273 2826 324 2882 Β]
366 2828 545 2881 partem
576 2826 818 2881 possident
848 2840 930 2882 per
959 2831 996 2868 N
1039 2827 1283 2882 possident
1313 2840 1397 2883 per
1428 2826 1569 2869 A‘DG
1720 2830 1773 2867 21
1807 2824 1960 2867 radia-

273 2884 398 2927 tione
431 2886 483 2942 Β]
517 2885 697 2928 ration'e
864 2889 919 2928 28
953 2885 1162 2928 efficiunt
1194 2889 1233 2928 Δ
1402 2890 1457 2928 29
1490 2886 1539 2929 in
1570 2885 1649 2928 alt.
1683 2898 1766 2927 om.
1799 2886 1838 2926 A

274 2947 329 2985 80
361 2944 550 2986 inventa
580 2943 723 2987 fuerit
755 2943 1018 2987 coniunctio
1051 2947 1090 2987 A
1151 2947 1156 3000 Ι
1214 2945 1319 2988 add.
1354 2958 1379 2987 σ
1430 2943 1694 3002 (fortiora)
1727 2942 1842 2986 haec
1873 2959 1900 2986 κ
