2066 3192
257 179 289 230 6
294 178 326 229 2
986 177 1214 220 FIRMICI

256 299 547 367 repentinis
587 298 748 350 faciet
787 298 996 350 casibus
1036 298 1298 366 inplicari.
1370 297 1428 350 Si
1466 317 1590 351 vero
1630 298 1791 351 fuerit
1825 316 1948 352 noc-

257 377 415 425 turna
454 372 713 443 genitura,
753 376 845 424 aut
884 374 1129 441 parentes
1169 372 1300 425 vitio
1343 373 1687 426 dissensionis
1721 376 1948 442 separat,

258 450 350 500 aut
403 450 624 499 matrem
682 446 917 499 ostendit
970 445 1274 516 ignobilem.
1354 445 1621 509 Quosdam
1672 465 1796 500 vero
1836 465 1950 516 per-

207 520 575 592 5egrinitatis,
615 520 748 572 alios
788 521 1184 591 aegritudinum
1224 524 1438 589 quassat
1477 521 1844 574 incommodis,
1893 519 1950 573 Si

260 613 384 648 vero
424 613 519 663 per
559 595 698 646 diem
738 593 900 647 fuerit
939 595 1145 647 minuta
1182 594 1474 647 luminibus
1519 595 1575 648 in
1613 594 1698 648 his
1738 595 1793 647 in
1835 595 1949 664 qui·
1996 618 2016 649 5

184 735 188 737 μ
258 670 358 722 bus
406 669 636 721 diximus
683 669 924 737 partibus
972 670 1057 721 vel
1103 669 1330 737 decaniS,
1375 670 1759 738 patrimonium
1799 669 1950 722 dissi-

260 746 354 812 pat
408 746 461 795 et
513 743 935 812 periculosorum
981 743 1320 812 negotiorum
1368 743 1602 796 decernit
1650 743 1850 812 officia,
1898 745 1951 796 et

260 835 325 869 ex
363 817 596 886 negotiis
643 818 773 886 ipsis
823 817 1018 870 caduca
1058 817 1365 869 discrimina
1418 821 1511 869 aut
1556 818 1777 871 miseras
1824 818 1951 870 vali-

260 892 472 944 tudines
519 892 816 960 vitiumque
868 892 1114 944 decernit.
1195 890 1252 943 Si
1303 910 1426 945 vero
1478 892 1641 945 fuerit
1691 895 1952 945 nocturna

261 967 528 1035 genitura,
576 969 628 1017 et
675 967 746 1017 sit
792 965 998 1018 minuta
1043 965 1359 1033 luminibus,
1405 965 1566 1019 faciet
1612 966 1850 1020 efficaces
1899 969 1951 1018 et
1976 988 2019 1021 ιο

262 1040 440 1093 officia
478 1041 648 1092 multa
687 1042 992 1109 tractantes,
1031 1040 1198 1093 fortes
1237 1040 1501 1111 gloriosos
1540 1043 1594 1092 et
1630 1041 1824 1110 quibus
1858 1059 1952 1109 pu-

259 1114 522 1167 blicorum
579 1115 921 1184 negotiorum
977 1114 1153 1167 officia
1207 1114 1509 1183 credantur,
1560 1114 1651 1167 sed
1705 1115 1797 1184 qui
1836 1133 1953 1183 per-

261 1188 459 1259 egrinis
503 1189 811 1259 regionibus
850 1189 1203 1256 inmorentur,
1244 1191 1296 1240 et
1329 1207 1462 1257 quos
1504 1206 1711 1258 semper
1749 1191 1805 1241 in
1846 1207 1952 1242 om—

260 1263 419 1316 nibus
459 1263 665 1316 actibus
703 1281 956 1332 prospere
996 1265 1250 1331 sequatur
1290 1266 1522 1315 eventus,

212 1337 244 1388 6
376 1337 568 1404 [Luna
607 1337 671 1388 in
712 1338 893 1390 domo
933 1339 1032 1389 vel
1071 1339 1135 1390 in
1173 1337 1406 1390 decano
1449 1335 1654 1408 Solis]
1713 1336 1770 1390 Si
1801 1337 1954 1390 Luna
1978 1358 2020 1391 15

263 1412 320 1464 in
367 1412 522 1464 domo
571 1411 655 1464 vel
702 1412 758 1463 in
805 1412 1000 1464 decano
1043 1410 1181 1464 Solis
1226 1411 1390 1463 fuerit
1427 1412 1642 1464 inventa
1681 1413 1839 1480 plena
1875 1411 1952 1463 lu-

264 1485 498 1538 minibus
508 1528 521 1555 ,
573 1474 661 1537 et·
673 1486 744 1538 sit
791 1486 979 1538 diurna
1026 1486 1294 1556 genitura,
1341 1486 1500 1538 faciet
1538 1487 1821 1555 populares
1863 1485 1953 1539 sed

266 1559 459 1628 quibus
506 1560 721 1628 publica
767 1561 1154 1613 conmittantur
1207 1560 1397 1612 officia.
1475 1559 1657 1613 Faciet
1711 1560 1953 1613 efficaces

266 1634 358 1686 sed
404 1637 464 1687 ut
511 1635 690 1686 omnia
734 1634 1074 1705 negotiorum
1122 1653 1317 1704 genera
1363 1652 1618 1703 prospero
1671 1634 1954 1703 conpleant

265 1726 473 1777 semper
512 1709 713 1761 effectu.
795 1708 846 1761 Si
898 1726 1021 1760 vero
1070 1709 1125 1760 in
1172 1709 1450 1777 oportunis
1497 1709 1775 1778 geniturae
1822 1707 1952 1760 locis
1977 1730 2021 1762 20

263 1783 426 1835 fuerit
472 1783 702 1851 inventa,
749 1783 804 1834 id
844 1786 924 1834 est
964 1783 1009 1836 si
1048 1781 1161 1834 MC.
1202 1782 1356 1851 <vel>
1394 1783 1581 1835 horam
1620 1783 1838 1851 <partili
1876 1801 1954 1834 ra-

267 1856 499 1910 diatione
552 1857 870 1925 possederit,
919 1860 970 1909 et
1018 1856 1209 1926 plena>
1255 1856 1549 1908 luminibus
1600 1855 1742 1910 Iovis
1793 1857 1956 1909 fuerit

266 1930 562 1984 radiatione
602 1931 871 1998 adornata,
913 1930 1075 1983 faciet
1112 1932 1360 2000 potentes
1401 1931 1748 1999 imperatores
1788 1948 1954 2000 reges,

267 2006 351 2057 vel
390 2005 523 2058 tales
564 2004 1016 2057 administratores
1058 2023 1285 2073 quorum
1323 2006 1578 2073 potestati
1619 2005 1763 2057 orbis
1795 2008 1956 2056 terra-

218 2079 245 2130 7
265 2097 384 2130 rum
435 2079 630 2132 iudicia
681 2079 973 2132 credantur.
1054 2077 1111 2130 Si
1161 2097 1285 2131 vero
1337 2079 1498 2131 fuerit
1546 2079 1753 2132 minuta
1800 2078 1953 2131 lumi·
1980 2099 2020 2132 25

265 2152 444 2222 nibuS,
491 2153 652 2206 faciet
698 2154 763 2205 ad
809 2155 985 2205 nullos
1034 2156 1181 2206 actus
1228 2153 1575 2222 necessarios,
1628 2152 1856 2206 humiles
1904 2156 1956 2204 et

268 2228 444 2280 animo
500 2227 698 2296 pariter
752 2230 804 2279 et
858 2227 981 2296 vita,
1035 2226 1157 2295 (et)
1212 2227 1304 2295 qui
1352 2245 1625 2295 nunquam
1673 2228 1730 2280 in
1775 2226 1953 2295 aliquo

109 2311 282 2354 some-rr
302 2303 517 2371 negotio
571 2304 922 2370 perseverent.
1007 2300 1350 2363 Quorundam
1407 2305 1598 2354 matres
1653 2299 1954 2354 debilitatas

270 2378 322 2427 et
373 2377 536 2445 longa
589 2374 936 2445 aegritudinis
1000 2375 1397 2428 continuatione
1457 2378 1731 2443 quassatas
1785 2375 1955 2427 malae

269 2450 456 2502 mortis
497 2450 655 2501 faciet
695 2449 872 2501 subire
913 2448 1230 2502 discrimina.
1979 2468 2023 2501 30

392 2629 411 2666 1
455 2624 570 2667 facit
602 2627 641 2667 Δ
780 2629 804 2666 2
839 2623 923 2666 dis.
951 2637 1043 2679 sep.
1069 2623 1151 2668 vit.
1178 2637 1202 2667 6
1333 2629 1385 2667 12
1426 2625 1718 2681 negotiorum
1747 2624 1812 2681 Γ]
1855 2623 1955 2666 offi-

272 2683 446 2726 ciorum
472 2686 511 2726 A
541 2686 546 2738 Ι
576 2684 826 2727 creduntur
857 2696 967 2727 corr.
995 2681 1043 2723 A'
1082 2685 1086 2737 Ι
1123 2683 1204 2738 qui
1234 2683 1281 2740 v]
1316 2698 1508 2738 quorum
1632 2688 1684 2726 13
1718 2681 1954 2739 religioni-

270 2742 355 2784 bus
387 2756 498 2787 eorr.
525 2747 599 2784 Nv
723 2746 776 2784 14
808 2755 1023 2797 prospere
1056 2743 1153 2798 Ao]
1185 2755 1378 2797 prosper
1407 2746 1484 2785 BG
1516 2742 1725 2799 prosperi
1757 2744 1796 2784 Δ
1834 2744 1839 2797 Ι
1886 2755 1954 2784 se-

272 2803 475 2856 quantur
506 2805 545 2844 Δ
700 2806 753 2844 15
792 2803 952 2845 lemma
984 2815 1064 2844 om.
1093 2804 1131 2843 Δ
1256 2805 1309 2843 19
1350 2803 1402 2844 ut
1440 2816 1523 2846 om.
1550 2804 1588 2844 A
1628 2803 1694 2858 (et
1726 2801 1807 2855 qui
1839 2802 1881 2856 a)

273 2864 325 2902 21
369 2860 408 2902 si
439 2861 493 2917 N]
530 2861 568 2903 si
600 2859 660 2902 in'
681 2865 711 2902 G
746 2860 794 2902 in
826 2859 1007 2901 A'BGD
1052 2861 1056 2913 Ι
1100 2859 1205 2903 add.
1231 2876 1258 2902 κ
1300 2861 1306 2914 1
1349 2859 1509 2903 horam
1546 2861 1607 2918 Γ]
1642 2860 1888 2915 horoscopi
1919 2865 1954 2901 Ι)

273 2918 517 2975 horoscopi
548 2932 606 2961 ne
637 2924 675 2960 N
703 2921 708 2975 Ι
737 2919 842 2962 add.
868 2923 906 2960 N
1043 2923 1095 2960 22
1129 2918 1283 2962 fuerat
1318 2921 1364 2961 Γ
1490 2918 1545 2962 24
1577 2920 1810 2974 potestate
1842 2932 1954 2962 corr.

273 2993 299 3018 a
421 2982 473 3019 27
508 2978 613 3021 add.
640 2981 664 3029 ζ
