<?xml version="1.0" encoding="UTF-8"?>
<!DOCTYPE html PUBLIC "-//W3C//DTD XHTML 1.0 Transitional//EN"
    "http://www.w3.org/TR/xhtml1/DTD/xhtml1-transitional.dtd">
<html xmlns="http://www.w3.org/1999/xhtml" xml:lang="en" lang="en">
 <head>
  <title>
</title>
<meta http-equiv="Content-Type" content="text/html;charset=utf-8" />
  <meta name='ocr-system' content='tesseract 3.04.00' />
  <meta name='ocr-capabilities' content='ocr_page ocr_carea ocr_par ocr_line ocrx_word'/>
</head>
<body>
  <div class='ocr_page' id='page_1' title='image "./matheseoslibrivi02firmuoft_0221.png"; bbox 0 0 2078 3174; ppageno 0'>
   <div class='ocr_carea' id='block_1_1' title="bbox 826 153 1854 208">
    <p class='ocr_par' dir='ltr' id='par_1_1' title="bbox 826 153 1854 208">
     <span class='ocr_line' id='line_1_1' title="bbox 826 153 1854 208; baseline 0.007 -10"><span class='ocrx_word' id='word_1_1' title='bbox 826 153 891 198; x_wconf 89' lang='lat' dir='ltr'>VI</span> <span class='ocrx_word' id='word_1_2' title='bbox 922 157 994 208; x_wconf 84' lang='lat'>30,</span> <span class='ocrx_word' id='word_1_3' title='bbox 1018 163 1178 197; x_wconf 71' lang='lat'>21—25.</span> <span class='ocrx_word' id='word_1_4' title='bbox 1750 153 1854 205; x_wconf 80' lang='lat'>147</span> 
     </span>
    </p>
   </div>
   <div class='ocr_carea' id='block_1_2' title="bbox 79 272 2026 2492">
    <p class='ocr_par' dir='ltr' id='par_1_2' title="bbox 165 272 2026 566">
     <span class='ocr_line' id='line_1_2' title="bbox 166 272 1858 328; baseline -0.001 0"><span class='ocrx_word' id='word_1_5' title='bbox 166 276 328 328; x_wconf 86' lang='lat' dir='ltr'>minis</span> <span class='ocrx_word' id='word_1_6' title='bbox 376 276 700 328; x_wconf 87' lang='lat' dir='ltr'>constitutus</span> <span class='ocrx_word' id='word_1_7' title='bbox 750 293 816 328; x_wconf 86' lang='lat' dir='ltr'>ex</span> <span class='ocrx_word' id='word_1_8' title='bbox 863 291 1054 327; x_wconf 90' lang='lat' dir='ltr'>occasu</span> <span class='ocrx_word' id='word_1_9' title='bbox 1098 272 1198 326; x_wconf 90' lang='lat' dir='ltr'>hos</span> <span class='ocrx_word' id='word_1_10' title='bbox 1246 291 1429 326; x_wconf 90' lang='lat' dir='ltr'>omnes</span> <span class='ocrx_word' id='word_1_11' title='bbox 1477 274 1735 327; x_wconf 87' lang='lat' dir='ltr'>diametra</span> <span class='ocrx_word' id='word_1_12' title='bbox 1780 293 1858 327; x_wconf 85' lang='lat' dir='ltr'>ra-</span> 
     </span>
     <span class='ocr_line' id='line_1_3' title="bbox 166 347 1858 418; baseline -0.001 -17"><span class='ocrx_word' id='word_1_13' title='bbox 166 349 401 403; x_wconf 90' lang='lat' dir='ltr'>diatione</span> <span class='ocrx_word' id='word_1_14' title='bbox 437 349 701 418; x_wconf 73' lang='lat' dir='ltr'>respiciat,</span> <span class='ocrx_word' id='word_1_15' title='bbox 741 349 918 416; x_wconf 90' lang='lat' dir='ltr'>sitque</span> <span class='ocrx_word' id='word_1_16' title='bbox 957 347 1062 400; x_wconf 69' lang='lat' dir='ltr'>iliis</span> <span class='ocrx_word' id='word_1_17' title='bbox 1095 348 1397 415; x_wconf 84' lang='lat' dir='ltr'>aequalium</span> <span class='ocrx_word' id='word_1_18' title='bbox 1427 347 1663 416; x_wconf 88' lang='lat' dir='ltr'>partium</span> <span class='ocrx_word' id='word_1_19' title='bbox 1697 348 1858 400; x_wconf 91' lang='lat' dir='ltr'>socie-</span> 
     </span>
     <span class='ocr_line' id='line_1_4' title="bbox 165 419 1860 493; baseline -0.001 -18"><span class='ocrx_word' id='word_1_20' title='bbox 165 426 275 477; x_wconf 85' lang='lat' dir='ltr'>tate</span> <span class='ocrx_word' id='word_1_21' title='bbox 315 423 645 490; x_wconf 88' lang='lat' dir='ltr'>coniunctus,</span> <span class='ocrx_word' id='word_1_22' title='bbox 686 421 779 475; x_wconf 87' lang='lat' dir='ltr'>Sol</span> <span class='ocrx_word' id='word_1_23' title='bbox 817 439 942 474; x_wconf 85' lang='lat' dir='ltr'>vero</span> <span class='ocrx_word' id='word_1_24' title='bbox 982 421 1041 473; x_wconf 88' lang='lat' dir='ltr'>in</span> <span class='ocrx_word' id='word_1_25' title='bbox 1073 419 1385 490; x_wconf 79' lang='lat' dir='ltr'>Capricorni</span> <span class='ocrx_word' id='word_1_26' title='bbox 1423 423 1577 493; x_wconf 85' lang='lat' dir='ltr'>signo</span> <span class='ocrx_word' id='word_1_27' title='bbox 1617 425 1670 475; x_wconf 90' lang='lat' dir='ltr'>et</span> <span class='ocrx_word' id='word_1_28' title='bbox 1707 421 1860 474; x_wconf 89' lang='lat' dir='ltr'>Luna</span> 
     </span>
     <span class='ocr_line' id='line_1_5' title="bbox 167 493 2026 579; baseline 0 -30"><span class='ocrx_word' id='word_1_29' title='bbox 167 498 221 549; x_wconf 90' lang='lat' dir='ltr'>in</span> <span class='ocrx_word' id='word_1_30' title='bbox 278 497 466 566; x_wconf 90' lang='lat' dir='ltr'>quinto</span> <span class='ocrx_word' id='word_1_31' title='bbox 521 497 587 550; x_wconf 92' lang='lat' dir='ltr'>ab</span> <span class='ocrx_word' id='word_1_32' title='bbox 633 496 933 579; x_wconf 77' lang='lat' dir='ltr'>horoscopo</span> <span class='ocrx_word' id='word_1_33' title='bbox 979 494 1100 548; x_wconf 92' lang='lat' dir='ltr'>loco</span> <span class='ocrx_word' id='word_1_34' title='bbox 1148 496 1443 548; x_wconf 90' lang='lat' dir='ltr'>constituta</span> <span class='ocrx_word' id='word_1_35' title='bbox 1502 493 1707 548; x_wconf 88' lang='lat' dir='ltr'>Arietis</span> <span class='ocrx_word' id='word_1_36' title='bbox 1764 496 2026 550; x_wconf 67' lang='lat' dir='ltr'>si-f017707</span> 
     </span>
    </p>

    <p class='ocr_par' dir='ltr' id='par_1_3' title="bbox 121 568 1860 936">
     <span class='ocr_line' id='line_1_6' title="bbox 121 568 1859 641; baseline -0.001 -18"><span class='ocrx_word' id='word_1_37' title='bbox 121 591 141 624; x_wconf 77' lang='lat'><strong>5</strong></span> <span class='ocrx_word' id='word_1_38' title='bbox 167 589 333 641; x_wconf 87' lang='lat' dir='ltr'>gnum</span> <span class='ocrx_word' id='word_1_39' title='bbox 371 573 565 640; x_wconf 87' lang='lat' dir='ltr'>teneat,</span> <span class='ocrx_word' id='word_1_40' title='bbox 604 570 682 623; x_wconf 88' lang='lat' dir='ltr'>ita</span> <span class='ocrx_word' id='word_1_41' title='bbox 718 573 780 622; x_wconf 94' lang='lat' dir='ltr'>ut</span> <span class='ocrx_word' id='word_1_42' title='bbox 819 569 877 622; x_wconf 89' lang='lat' dir='ltr'>in</span> <span class='ocrx_word' id='word_1_43' title='bbox 916 570 1090 638; x_wconf 90' lang='lat' dir='ltr'>capite</span> <span class='ocrx_word' id='word_1_44' title='bbox 1130 569 1201 622; x_wconf 91' lang='lat' dir='ltr'>sit</span> <span class='ocrx_word' id='word_1_45' title='bbox 1231 568 1432 622; x_wconf 80' lang='lat' dir='ltr'>Arietis</span> <span class='ocrx_word' id='word_1_46' title='bbox 1473 568 1552 640; x_wconf 90' lang='lat' dir='ltr'>(in</span> <span class='ocrx_word' id='word_1_47' title='bbox 1590 569 1677 623; x_wconf 90' lang='lat' dir='ltr'>his</span> <span class='ocrx_word' id='word_1_48' title='bbox 1717 571 1859 622; x_wconf 91' lang='lat' dir='ltr'>enim</span> 
     </span>
     <span class='ocr_line' id='line_1_7' title="bbox 164 613 1860 715; baseline 0.001 -19"><span class='ocrx_word' id='word_1_49' title='bbox 164 645 408 715; x_wconf 91' lang='lat' dir='ltr'>partibus</span> <span class='ocrx_word' id='word_1_50' title='bbox 458 613 590 698; x_wconf 82' lang='lat' dir='ltr'>facit</span> <span class='ocrx_word' id='word_1_51' title='bbox 637 641 861 715; x_wconf 88' lang='lat' dir='ltr'>caecos),</span> <span class='ocrx_word' id='word_1_52' title='bbox 912 642 1175 696; x_wconf 82' lang='lat' dir='ltr'>Saturnus</span> <span class='ocrx_word' id='word_1_53' title='bbox 1213 661 1339 696; x_wconf 82' lang='lat' dir='ltr'>vero</span> <span class='ocrx_word' id='word_1_54' title='bbox 1380 645 1438 696; x_wconf 90' lang='lat' dir='ltr'>in</span> <span class='ocrx_word' id='word_1_55' title='bbox 1474 662 1618 696; x_wconf 91' lang='lat' dir='ltr'>nono</span> <span class='ocrx_word' id='word_1_56' title='bbox 1658 645 1724 697; x_wconf 91' lang='lat' dir='ltr'>ab</span> <span class='ocrx_word' id='word_1_57' title='bbox 1764 644 1860 697; x_wconf 90' lang='lat' dir='ltr'>ho-</span> 
     </span>
     <span class='ocr_line' id='line_1_8' title="bbox 162 717 1860 789; baseline 0 -18"><span class='ocrx_word' id='word_1_58' title='bbox 162 736 389 788; x_wconf 90' lang='lat' dir='ltr'>roscopo</span> <span class='ocrx_word' id='word_1_59' title='bbox 427 720 547 771; x_wconf 94' lang='lat' dir='ltr'>loco</span> <span class='ocrx_word' id='word_1_60' title='bbox 588 719 659 771; x_wconf 89' lang='lat' dir='ltr'>sit</span> <span class='ocrx_word' id='word_1_61' title='bbox 696 719 907 786; x_wconf 90' lang='lat' dir='ltr'>positus</span> <span class='ocrx_word' id='word_1_62' title='bbox 946 717 1037 786; x_wconf 81' lang='lat' dir='ltr'>&lt;id</span> <span class='ocrx_word' id='word_1_63' title='bbox 1068 721 1182 784; x_wconf 85' lang='lat' dir='ltr'>est&gt;</span> <span class='ocrx_word' id='word_1_64' title='bbox 1222 718 1278 769; x_wconf 92' lang='lat' dir='ltr'>in</span> <span class='ocrx_word' id='word_1_65' title='bbox 1309 717 1488 771; x_wconf 85' lang='lat' dir='ltr'>Leone</span> <span class='ocrx_word' id='word_1_66' title='bbox 1521 718 1860 789; x_wconf 82' lang='lat' dir='ltr'>constitutus,</span> 
     </span>
     <span class='ocr_line' id='line_1_9' title="bbox 162 791 1858 863; baseline 0.001 -19"><span class='ocrx_word' id='word_1_67' title='bbox 162 792 293 846; x_wconf 88' lang='lat' dir='ltr'>haec</span> <span class='ocrx_word' id='word_1_68' title='bbox 338 793 585 863; x_wconf 82' lang='lat' dir='ltr'>genitura</span> <span class='ocrx_word' id='word_1_69' title='bbox 632 791 873 846; x_wconf 82' lang='lat' dir='ltr'>divinum</span> <span class='ocrx_word' id='word_1_70' title='bbox 919 794 1134 860; x_wconf 89' lang='lat' dir='ltr'>poetam</span> <span class='ocrx_word' id='word_1_71' title='bbox 1180 791 1386 845; x_wconf 84' lang='lat' dir='ltr'>heroici</span> <span class='ocrx_word' id='word_1_72' title='bbox 1432 792 1707 845; x_wconf 90' lang='lat' dir='ltr'>cuiusdam</span> <span class='ocrx_word' id='word_1_73' title='bbox 1750 811 1858 846; x_wconf 89' lang='lat' dir='ltr'>car-</span> 
     </span>
     <span class='ocr_line' id='line_1_10' title="bbox 162 865 1857 936; baseline 0.001 -17"><span class='ocrx_word' id='word_1_74' title='bbox 162 867 323 919; x_wconf 86' lang='lat' dir='ltr'>minis</span> <span class='ocrx_word' id='word_1_75' title='bbox 376 867 527 936; x_wconf 87' lang='lat' dir='ltr'>facit,</span> <span class='ocrx_word' id='word_1_76' title='bbox 587 869 648 919; x_wconf 92' lang='lat' dir='ltr'>ut</span> <span class='ocrx_word' id='word_1_77' title='bbox 701 865 927 918; x_wconf 86' lang='lat' dir='ltr'>Martios</span> <span class='ocrx_word' id='word_1_78' title='bbox 981 865 1237 935; x_wconf 91' lang='lat' dir='ltr'>strepitus</span> <span class='ocrx_word' id='word_1_79' title='bbox 1290 884 1700 936; x_wconf 86' lang='lat' dir='ltr'>pugnarumque</span> <span class='ocrx_word' id='word_1_80' title='bbox 1751 885 1857 920; x_wconf 90' lang='lat' dir='ltr'>me-</span> 
     </span>
    </p>

    <p class='ocr_par' dir='ltr' id='par_1_4' title="bbox 93 940 1857 1158">
     <span class='ocr_line' id='line_1_11' title="bbox 93 940 1855 1010; baseline 0 -17"><span class='ocrx_word' id='word_1_81' title='bbox 93 963 137 993; x_wconf 86' lang='lat'>10</span> <span class='ocrx_word' id='word_1_82' title='bbox 160 940 359 994; x_wconf 84' lang='lat' dir='ltr'>tuenda</span> <span class='ocrx_word' id='word_1_83' title='bbox 390 941 681 993; x_wconf 90' lang='lat' dir='ltr'>certamina</span> <span class='ocrx_word' id='word_1_84' title='bbox 711 940 905 993; x_wconf 84' lang='lat' dir='ltr'>famosi</span> <span class='ocrx_word' id='word_1_85' title='bbox 937 941 1190 993; x_wconf 81' lang='lat' dir='ltr'>carminis</span> <span class='ocrx_word' id='word_1_86' title='bbox 1221 940 1506 993; x_wconf 89' lang='lat' dir='ltr'>nobilitate</span> <span class='ocrx_word' id='word_1_87' title='bbox 1544 941 1855 1010; x_wconf 87' lang='lat' dir='ltr'>perscribat.</span> 
     </span>
     <span class='ocr_line' id='line_1_12' title="bbox 159 1013 1857 1086; baseline 0.001 -19"><span class='ocrx_word' id='word_1_88' title='bbox 159 1013 304 1068; x_wconf 88' lang='lat' dir='ltr'>Talis</span> <span class='ocrx_word' id='word_1_89' title='bbox 344 1015 590 1086; x_wconf 88' lang='lat' dir='ltr'>genitura</span> <span class='ocrx_word' id='word_1_90' title='bbox 624 1014 930 1068; x_wconf 82' lang='lat' dir='ltr'><strong>HOMERUM</strong></span> <span class='ocrx_word' id='word_1_91' title='bbox 970 1014 1210 1067; x_wconf 85' lang='lat' dir='ltr'>divinum</span> <span class='ocrx_word' id='word_1_92' title='bbox 1249 1013 1401 1068; x_wconf 86' lang='lat' dir='ltr'>Iliaci</span> <span class='ocrx_word' id='word_1_93' title='bbox 1441 1015 1689 1068; x_wconf 77' lang='lat' dir='ltr'>carminis</span> <span class='ocrx_word' id='word_1_94' title='bbox 1726 1015 1857 1069; x_wconf 86' lang='lat' dir='ltr'>fecit</span> 
     </span>
     <span class='ocr_line' id='line_1_13' title="bbox 156 1089 514 1158; baseline 0 -17"><span class='ocrx_word' id='word_1_95' title='bbox 156 1089 514 1158; x_wconf 73' lang='lat' dir='ltr'>interpretem.</span> 
     </span>
    </p>

    <p class='ocr_par' dir='ltr' id='par_1_5' title="bbox 157 1161 1942 1307">
     <span class='ocr_line' id='line_1_14' title="bbox 269 1161 1942 1232; baseline 0 -17"><span class='ocrx_word' id='word_1_96' title='bbox 269 1161 328 1215; x_wconf 86' lang='lat' dir='ltr'>Si</span> <span class='ocrx_word' id='word_1_97' title='bbox 375 1162 706 1232; x_wconf 88' lang='lat' dir='ltr'>horoscopus</span> <span class='ocrx_word' id='word_1_98' title='bbox 755 1163 812 1215; x_wconf 88' lang='lat' dir='ltr'>in</span> <span class='ocrx_word' id='word_1_99' title='bbox 859 1162 1101 1231; x_wconf 89' lang='lat' dir='ltr'>Aquario</span> <span class='ocrx_word' id='word_1_100' title='bbox 1151 1162 1315 1214; x_wconf 87' lang='lat' dir='ltr'>fuerit</span> <span class='ocrx_word' id='word_1_101' title='bbox 1364 1162 1614 1215; x_wconf 87' lang='lat' dir='ltr'>inventus</span> <span class='ocrx_word' id='word_1_102' title='bbox 1623 1205 1637 1232; x_wconf 88' lang='lat'><em>‚</em></span> <span class='ocrx_word' id='word_1_103' title='bbox 1692 1166 1745 1216; x_wconf 94' lang='lat' dir='ltr'>et</span> <span class='ocrx_word' id='word_1_104' title='bbox 1795 1163 1851 1215; x_wconf 93' lang='lat' dir='ltr'>in</span> <span class='ocrx_word' id='word_1_105' title='bbox 1869 1163 1942 1215; x_wconf 79' lang='lat'>24</span> 
     </span>
     <span class='ocr_line' id='line_1_15' title="bbox 157 1235 1851 1307; baseline 0.001 -19"><span class='ocrx_word' id='word_1_106' title='bbox 157 1239 307 1304; x_wconf 88' lang='lat' dir='ltr'>parte</span> <span class='ocrx_word' id='word_1_107' title='bbox 345 1236 632 1305; x_wconf 90' lang='lat' dir='ltr'>horoscopi</span> <span class='ocrx_word' id='word_1_108' title='bbox 670 1236 816 1289; x_wconf 91' lang='lat' dir='ltr'>Mars</span> <span class='ocrx_word' id='word_1_109' title='bbox 858 1240 910 1290; x_wconf 91' lang='lat' dir='ltr'>et</span> <span class='ocrx_word' id='word_1_110' title='bbox 940 1237 1236 1289; x_wconf 90' lang='lat' dir='ltr'>Mercurius</span> <span class='ocrx_word' id='word_1_111' title='bbox 1277 1239 1330 1289; x_wconf 89' lang='lat' dir='ltr'>et</span> <span class='ocrx_word' id='word_1_112' title='bbox 1361 1235 1546 1289; x_wconf 91' lang='lat' dir='ltr'>Venus</span> <span class='ocrx_word' id='word_1_113' title='bbox 1586 1237 1695 1290; x_wconf 89' lang='lat' dir='ltr'>sint</span> <span class='ocrx_word' id='word_1_114' title='bbox 1732 1256 1851 1307; x_wconf 89' lang='lat' dir='ltr'>par-</span> 
     </span>
    </p>

    <p class='ocr_par' dir='ltr' id='par_1_6' title="bbox 92 1310 1859 1677">
     <span class='ocr_line' id='line_1_16' title="bbox 92 1310 1857 1380; baseline 0 -16"><span class='ocrx_word' id='word_1_115' title='bbox 92 1331 135 1364; x_wconf 80' lang='lat'>15</span> <span class='ocrx_word' id='word_1_116' title='bbox 159 1310 329 1363; x_wconf 91' lang='lat' dir='ltr'>tiliter</span> <span class='ocrx_word' id='word_1_117' title='bbox 369 1312 632 1379; x_wconf 84' lang='lat' dir='ltr'>collocati,</span> <span class='ocrx_word' id='word_1_118' title='bbox 669 1312 726 1363; x_wconf 91' lang='lat' dir='ltr'>in</span> <span class='ocrx_word' id='word_1_119' title='bbox 765 1329 955 1364; x_wconf 89' lang='lat' dir='ltr'>occasu</span> <span class='ocrx_word' id='word_1_120' title='bbox 987 1328 1112 1363; x_wconf 87' lang='lat' dir='ltr'>vero</span> <span class='ocrx_word' id='word_1_121' title='bbox 1143 1310 1389 1380; x_wconf 91' lang='lat' dir='ltr'>Iuppiter</span> <span class='ocrx_word' id='word_1_122' title='bbox 1418 1313 1626 1380; x_wconf 89' lang='lat' dir='ltr'>positus</span> <span class='ocrx_word' id='word_1_123' title='bbox 1657 1311 1857 1364; x_wconf 86' lang='lat' dir='ltr'>Leonis</span> 
     </span>
     <span class='ocr_line' id='line_1_17' title="bbox 157 1384 1859 1456; baseline 0.001 -20"><span class='ocrx_word' id='word_1_124' title='bbox 157 1384 354 1438; x_wconf 89' lang='lat' dir='ltr'>habeat</span> <span class='ocrx_word' id='word_1_125' title='bbox 399 1385 634 1456; x_wconf 85' lang='lat' dir='ltr'>signum,</span> <span class='ocrx_word' id='word_1_126' title='bbox 689 1388 742 1437; x_wconf 92' lang='lat' dir='ltr'>et</span> <span class='ocrx_word' id='word_1_127' title='bbox 792 1386 850 1437; x_wconf 91' lang='lat' dir='ltr'>in</span> <span class='ocrx_word' id='word_1_128' title='bbox 903 1390 1121 1438; x_wconf 87' lang='lat' dir='ltr'>anafora</span> <span class='ocrx_word' id='word_1_129' title='bbox 1173 1384 1458 1454; x_wconf 90' lang='lat' dir='ltr'>horoscopi</span> <span class='ocrx_word' id='word_1_130' title='bbox 1514 1384 1608 1438; x_wconf 88' lang='lat' dir='ltr'>Sol</span> <span class='ocrx_word' id='word_1_131' title='bbox 1660 1386 1859 1439; x_wconf 91' lang='lat' dir='ltr'>consti—</span> 
     </span>
     <span class='ocr_line' id='line_1_18' title="bbox 154 1458 1856 1529; baseline 0.001 -18"><span class='ocrx_word' id='word_1_132' title='bbox 154 1462 304 1512; x_wconf 92' lang='lat' dir='ltr'>tutus</span> <span class='ocrx_word' id='word_1_133' title='bbox 351 1459 566 1529; x_wconf 87' lang='lat' dir='ltr'>signum</span> <span class='ocrx_word' id='word_1_134' title='bbox 613 1459 847 1512; x_wconf 89' lang='lat' dir='ltr'>Piscium</span> <span class='ocrx_word' id='word_1_135' title='bbox 896 1462 1098 1528; x_wconf 79' lang='lat' dir='ltr'>teneat,</span> <span class='ocrx_word' id='word_1_136' title='bbox 1143 1459 1296 1511; x_wconf 90' lang='lat' dir='ltr'>Luna</span> <span class='ocrx_word' id='word_1_137' title='bbox 1341 1477 1467 1512; x_wconf 85' lang='lat' dir='ltr'>vero</span> <span class='ocrx_word' id='word_1_138' title='bbox 1514 1461 1572 1512; x_wconf 90' lang='lat' dir='ltr'>in</span> <span class='ocrx_word' id='word_1_139' title='bbox 1615 1458 1856 1513; x_wconf 84' lang='lat' dir='ltr'>Geminis</span> 
     </span>
     <span class='ocr_line' id='line_1_19' title="bbox 156 1532 1853 1604; baseline 0.001 -19"><span class='ocrx_word' id='word_1_140' title='bbox 156 1535 436 1603; x_wconf 75' lang='lat' dir='ltr'>collocata,</span> <span class='ocrx_word' id='word_1_141' title='bbox 506 1537 559 1585; x_wconf 90' lang='lat' dir='ltr'>et</span> <span class='ocrx_word' id='word_1_142' title='bbox 627 1533 684 1585; x_wconf 91' lang='lat' dir='ltr'>in</span> <span class='ocrx_word' id='word_1_143' title='bbox 753 1534 942 1602; x_wconf 91' lang='lat' dir='ltr'>quinto</span> <span class='ocrx_word' id='word_1_144' title='bbox 1012 1533 1290 1604; x_wconf 85' lang='lat' dir='ltr'>geniturae</span> <span class='ocrx_word' id='word_1_145' title='bbox 1358 1532 1476 1586; x_wconf 92' lang='lat' dir='ltr'>loco</span> <span class='ocrx_word' id='word_1_146' title='bbox 1544 1535 1853 1598; x_wconf 82' lang='lat' dir='ltr'>constituta,</span> 
     </span>
     <span class='ocr_line' id='line_1_20' title="bbox 152 1607 1848 1677; baseline 0.002 -19"><span class='ocrx_word' id='word_1_147' title='bbox 152 1607 509 1677; x_wconf 90' lang='lat' dir='ltr'>horoscopum</span> <span class='ocrx_word' id='word_1_148' title='bbox 547 1607 814 1677; x_wconf 86' lang='lat' dir='ltr'>trigonica</span> <span class='ocrx_word' id='word_1_149' title='bbox 851 1607 1147 1661; x_wconf 89' lang='lat' dir='ltr'>radiatione</span> <span class='ocrx_word' id='word_1_150' title='bbox 1185 1607 1450 1677; x_wconf 85' lang='lat' dir='ltr'>respiciat,</span> <span class='ocrx_word' id='word_1_151' title='bbox 1494 1611 1548 1661; x_wconf 91' lang='lat' dir='ltr'>et</span> <span class='ocrx_word' id='word_1_152' title='bbox 1588 1607 1848 1662; x_wconf 87' lang='lat' dir='ltr'>Saturnus</span> 
     </span>
    </p>

    <p class='ocr_par' dir='ltr' id='par_1_7' title="bbox 86 1682 1848 2048">
     <span class='ocr_line' id='line_1_21' title="bbox 86 1682 1848 1751; baseline 0.001 -17"><span class='ocrx_word' id='word_1_153' title='bbox 86 1703 129 1734; x_wconf 84' lang='lat'>20</span> <span class='ocrx_word' id='word_1_154' title='bbox 152 1699 355 1734; x_wconf 92' lang='lat' dir='ltr'>nonum</span> <span class='ocrx_word' id='word_1_155' title='bbox 410 1682 475 1734; x_wconf 88' lang='lat' dir='ltr'>ab</span> <span class='ocrx_word' id='word_1_156' title='bbox 530 1682 830 1751; x_wconf 90' lang='lat' dir='ltr'>horoscopo</span> <span class='ocrx_word' id='word_1_157' title='bbox 886 1682 1136 1750; x_wconf 79' lang='lat' dir='ltr'>(locum)</span> <span class='ocrx_word' id='word_1_158' title='bbox 1189 1684 1375 1735; x_wconf 92' lang='lat' dir='ltr'>tenens</span> <span class='ocrx_word' id='word_1_159' title='bbox 1429 1682 1486 1734; x_wconf 90' lang='lat' dir='ltr'>in</span> <span class='ocrx_word' id='word_1_160' title='bbox 1530 1682 1723 1735; x_wconf 85' lang='lat' dir='ltr'>Librae</span> <span class='ocrx_word' id='word_1_161' title='bbox 1777 1683 1848 1735; x_wconf 89' lang='lat' dir='ltr'>sit</span> 
     </span>
     <span class='ocr_line' id='line_1_22' title="bbox 151 1755 1846 1827; baseline 0.002 -20"><span class='ocrx_word' id='word_1_162' title='bbox 151 1755 307 1826; x_wconf 86' lang='lat' dir='ltr'>signo</span> <span class='ocrx_word' id='word_1_163' title='bbox 358 1756 681 1809; x_wconf 90' lang='lat' dir='ltr'>constitutus</span> <span class='ocrx_word' id='word_1_164' title='bbox 690 1798 704 1824; x_wconf 91' lang='lat'><strong><em>,</em></strong></span> <span class='ocrx_word' id='word_1_165' title='bbox 752 1756 884 1808; x_wconf 90' lang='lat' dir='ltr'>haec</span> <span class='ocrx_word' id='word_1_166' title='bbox 934 1756 1179 1827; x_wconf 88' lang='lat' dir='ltr'>genitura</span> <span class='ocrx_word' id='word_1_167' title='bbox 1229 1756 1530 1809; x_wconf 86' lang='lat' dir='ltr'>divinarum</span> <span class='ocrx_word' id='word_1_168' title='bbox 1581 1759 1636 1808; x_wconf 92' lang='lat' dir='ltr'>et</span> <span class='ocrx_word' id='word_1_169' title='bbox 1683 1757 1846 1810; x_wconf 90' lang='lat' dir='ltr'>caele-</span> 
     </span>
     <span class='ocr_line' id='line_1_23' title="bbox 152 1830 1844 1900; baseline 0.001 -19"><span class='ocrx_word' id='word_1_170' title='bbox 152 1831 314 1882; x_wconf 90' lang='lat' dir='ltr'>stium</span> <span class='ocrx_word' id='word_1_171' title='bbox 354 1830 756 1883; x_wconf 89' lang='lat' dir='ltr'>institutionum</span> <span class='ocrx_word' id='word_1_172' title='bbox 794 1830 971 1883; x_wconf 88' lang='lat' dir='ltr'>reddit</span> <span class='ocrx_word' id='word_1_173' title='bbox 1004 1831 1368 1900; x_wconf 87' lang='lat' dir='ltr'>interpretem,</span> <span class='ocrx_word' id='word_1_174' title='bbox 1410 1831 1504 1899; x_wconf 91' lang='lat' dir='ltr'>qui</span> <span class='ocrx_word' id='word_1_175' title='bbox 1544 1830 1705 1883; x_wconf 91' lang='lat' dir='ltr'>docili</span> <span class='ocrx_word' id='word_1_176' title='bbox 1739 1850 1844 1884; x_wconf 91' lang='lat' dir='ltr'>ser-</span> 
     </span>
     <span class='ocr_line' id='line_1_24' title="bbox 149 1904 1842 1975; baseline 0.001 -21"><span class='ocrx_word' id='word_1_177' title='bbox 149 1922 308 1957; x_wconf 87' lang='lat' dir='ltr'>mone</span> <span class='ocrx_word' id='word_1_178' title='bbox 346 1907 399 1956; x_wconf 92' lang='lat' dir='ltr'>et</span> <span class='ocrx_word' id='word_1_179' title='bbox 438 1904 605 1956; x_wconf 83' lang='lat' dir='ltr'>divini</span> <span class='ocrx_word' id='word_1_180' title='bbox 644 1904 848 1975; x_wconf 84' lang='lat' dir='ltr'>ingenii</span> <span class='ocrx_word' id='word_1_181' title='bbox 886 1907 1153 1973; x_wconf 87' lang='lat' dir='ltr'>potestate</span> <span class='ocrx_word' id='word_1_182' title='bbox 1193 1906 1504 1972; x_wconf 90' lang='lat' dir='ltr'>conpositus</span> <span class='ocrx_word' id='word_1_183' title='bbox 1512 1946 1528 1973; x_wconf 83' lang='lat'><em>,</em></span> <span class='ocrx_word' id='word_1_184' title='bbox 1566 1904 1691 1974; x_wconf 80' lang='lat' dir='ltr'>(et)</span> <span class='ocrx_word' id='word_1_185' title='bbox 1733 1923 1842 1957; x_wconf 90' lang='lat' dir='ltr'>cae-</span> 
     </span>
     <span class='ocr_line' id='line_1_25' title="bbox 147 1976 1843 2048; baseline 0.001 -19"><span class='ocrx_word' id='word_1_186' title='bbox 147 1976 272 2030; x_wconf 87' lang='lat' dir='ltr'>lesti</span> <span class='ocrx_word' id='word_1_187' title='bbox 311 1978 702 2046; x_wconf 91' lang='lat' dir='ltr'>quodammodo</span> <span class='ocrx_word' id='word_1_188' title='bbox 743 1978 1082 2031; x_wconf 90' lang='lat' dir='ltr'>institutione</span> <span class='ocrx_word' id='word_1_189' title='bbox 1119 1978 1382 2031; x_wconf 89' lang='lat' dir='ltr'>formatus</span> <span class='ocrx_word' id='word_1_190' title='bbox 1392 2022 1405 2048; x_wconf 73' lang='lat'><em>⁷</em></span> <span class='ocrx_word' id='word_1_191' title='bbox 1445 1997 1568 2031; x_wconf 85' lang='lat' dir='ltr'>vera</span> <span class='ocrx_word' id='word_1_192' title='bbox 1607 1979 1843 2047; x_wconf 88' lang='lat' dir='ltr'>disputa-</span> 
     </span>
    </p>

    <p class='ocr_par' dir='ltr' id='par_1_8' title="bbox 83 2051 1840 2197">
     <span class='ocr_line' id='line_1_26' title="bbox 83 2051 1840 2106; baseline 0.001 -3"><span class='ocrx_word' id='word_1_193' title='bbox 83 2072 124 2104; x_wconf 78' lang='lat'>25</span> <span class='ocrx_word' id='word_1_194' title='bbox 149 2052 359 2104; x_wconf 92' lang='lat' dir='ltr'>tionum</span> <span class='ocrx_word' id='word_1_195' title='bbox 408 2051 627 2104; x_wconf 90' lang='lat' dir='ltr'>licentia</span> <span class='ocrx_word' id='word_1_196' title='bbox 676 2052 743 2103; x_wconf 90' lang='lat' dir='ltr'>ad</span> <span class='ocrx_word' id='word_1_197' title='bbox 793 2053 974 2105; x_wconf 88' lang='lat' dir='ltr'>omnia</span> <span class='ocrx_word' id='word_1_198' title='bbox 1023 2056 1226 2105; x_wconf 91' lang='lat' dir='ltr'>secreta</span> <span class='ocrx_word' id='word_1_199' title='bbox 1272 2051 1568 2105; x_wconf 83' lang='lat' dir='ltr'>divinitatis</span> <span class='ocrx_word' id='word_1_200' title='bbox 1614 2053 1840 2106; x_wconf 89' lang='lat' dir='ltr'>accedat.</span> 
     </span>
     <span class='ocr_line' id='line_1_27' title="bbox 148 2124 1481 2197; baseline 0.002 -20"><span class='ocrx_word' id='word_1_201' title='bbox 148 2124 297 2179; x_wconf 90' lang='lat' dir='ltr'>Haec</span> <span class='ocrx_word' id='word_1_202' title='bbox 334 2125 582 2197; x_wconf 88' lang='lat' dir='ltr'>genitura</span> <span class='ocrx_word' id='word_1_203' title='bbox 620 2125 915 2179; x_wconf 81' lang='lat' dir='ltr'>PLATONIS</span> <span class='ocrx_word' id='word_1_204' title='bbox 956 2126 1122 2179; x_wconf 88' lang='lat' dir='ltr'>fuisse</span> <span class='ocrx_word' id='word_1_205' title='bbox 1161 2126 1481 2196; x_wconf 84' lang='lat' dir='ltr'>suggeritur.</span> 
     </span>
    </p>

    <p class='ocr_par' dir='ltr' id='par_1_9' title="bbox 147 2198 1930 2416">
     <span class='ocr_line' id='line_1_28' title="bbox 261 2198 1930 2270; baseline 0.001 -19"><span class='ocrx_word' id='word_1_206' title='bbox 261 2198 319 2252; x_wconf 85' lang='lat' dir='ltr'>Si</span> <span class='ocrx_word' id='word_1_207' title='bbox 356 2200 688 2269; x_wconf 92' lang='lat' dir='ltr'>horoscopus</span> <span class='ocrx_word' id='word_1_208' title='bbox 729 2201 785 2253; x_wconf 91' lang='lat' dir='ltr'>in</span> <span class='ocrx_word' id='word_1_209' title='bbox 816 2200 978 2252; x_wconf 91' lang='lat' dir='ltr'>Libra</span> <span class='ocrx_word' id='word_1_210' title='bbox 1016 2200 1180 2252; x_wconf 90' lang='lat' dir='ltr'>fuerit</span> <span class='ocrx_word' id='word_1_211' title='bbox 1218 2202 1483 2270; x_wconf 81' lang='lat' dir='ltr'>inventuS,</span> <span class='ocrx_word' id='word_1_212' title='bbox 1523 2203 1576 2252; x_wconf 93' lang='lat' dir='ltr'>et</span> <span class='ocrx_word' id='word_1_213' title='bbox 1605 2200 1748 2254; x_wconf 90' lang='lat' dir='ltr'>Mars</span> <span class='ocrx_word' id='word_1_214' title='bbox 1789 2204 1842 2253; x_wconf 91' lang='lat' dir='ltr'>et</span> <span class='ocrx_word' id='word_1_215' title='bbox 1858 2199 1930 2253; x_wconf 80' lang='lat'>25</span> 
     </span>
     <span class='ocr_line' id='line_1_29' title="bbox 148 2272 1842 2343; baseline 0.002 -18"><span class='ocrx_word' id='word_1_216' title='bbox 148 2272 330 2326; x_wconf 87' lang='lat' dir='ltr'>Venus</span> <span class='ocrx_word' id='word_1_217' title='bbox 371 2276 424 2326; x_wconf 89' lang='lat' dir='ltr'>et</span> <span class='ocrx_word' id='word_1_218' title='bbox 453 2273 750 2327; x_wconf 90' lang='lat' dir='ltr'>Mercurius</span> <span class='ocrx_word' id='word_1_219' title='bbox 790 2275 848 2326; x_wconf 92' lang='lat' dir='ltr'>in</span> <span class='ocrx_word' id='word_1_220' title='bbox 886 2274 1070 2327; x_wconf 90' lang='lat' dir='ltr'>eodem</span> <span class='ocrx_word' id='word_1_221' title='bbox 1107 2275 1215 2326; x_wconf 90' lang='lat' dir='ltr'>sint</span> <span class='ocrx_word' id='word_1_222' title='bbox 1245 2273 1544 2343; x_wconf 90' lang='lat' dir='ltr'>horoscopo</span> <span class='ocrx_word' id='word_1_223' title='bbox 1575 2275 1842 2343; x_wconf 90' lang='lat' dir='ltr'>partiliter</span> 
     </span>
     <span class='ocr_line' id='line_1_30' title="bbox 147 2345 1840 2416; baseline 0.001 -16"><span class='ocrx_word' id='word_1_224' title='bbox 147 2348 417 2416; x_wconf 86' lang='lat' dir='ltr'>collocati,</span> <span class='ocrx_word' id='word_1_225' title='bbox 469 2345 712 2416; x_wconf 87' lang='lat' dir='ltr'>Iuppiter</span> <span class='ocrx_word' id='word_1_226' title='bbox 755 2365 882 2401; x_wconf 84' lang='lat' dir='ltr'>vero</span> <span class='ocrx_word' id='word_1_227' title='bbox 929 2348 985 2400; x_wconf 91' lang='lat' dir='ltr'>in</span> <span class='ocrx_word' id='word_1_228' title='bbox 1033 2366 1225 2402; x_wconf 87' lang='lat' dir='ltr'>occasu</span> <span class='ocrx_word' id='word_1_229' title='bbox 1270 2347 1501 2416; x_wconf 81' lang='lat' dir='ltr'>positUS,</span> <span class='ocrx_word' id='word_1_230' title='bbox 1554 2348 1610 2401; x_wconf 89' lang='lat' dir='ltr'>id</span> <span class='ocrx_word' id='word_1_231' title='bbox 1655 2353 1735 2402; x_wconf 91' lang='lat' dir='ltr'>est</span> <span class='ocrx_word' id='word_1_232' title='bbox 1782 2350 1840 2402; x_wconf 91' lang='lat' dir='ltr'>in</span> 
     </span>
    </p>

    <p class='ocr_par' dir='ltr' id='par_1_10' title="bbox 79 2419 1838 2492">
     <span class='ocr_line' id='line_1_31' title="bbox 79 2419 1838 2492; baseline 0.002 -20"><span class='ocrx_word' id='word_1_233' title='bbox 79 2442 122 2473; x_wconf 86' lang='lat'>30</span> <span class='ocrx_word' id='word_1_234' title='bbox 147 2421 302 2491; x_wconf 84' lang='lat' dir='ltr'>signo</span> <span class='ocrx_word' id='word_1_235' title='bbox 349 2419 551 2475; x_wconf 90' lang='lat' dir='ltr'>Arietis</span> <span class='ocrx_word' id='word_1_236' title='bbox 600 2424 912 2492; x_wconf 79' lang='lat' dir='ltr'>collocatus,</span> <span class='ocrx_word' id='word_1_237' title='bbox 958 2422 1186 2475; x_wconf 88' lang='lat' dir='ltr'>Martem</span> <span class='ocrx_word' id='word_1_238' title='bbox 1226 2421 1489 2475; x_wconf 90' lang='lat' dir='ltr'>Venerem</span> <span class='ocrx_word' id='word_1_239' title='bbox 1537 2425 1590 2475; x_wconf 94' lang='lat' dir='ltr'>et</span> <span class='ocrx_word' id='word_1_240' title='bbox 1634 2422 1838 2476; x_wconf 90' lang='lat' dir='ltr'>Mercu-</span> 
     </span>
    </p>
   </div>
   <div class='ocr_carea' id='block_1_3' title="bbox 142 2538 1922 2993">
    <p class='ocr_par' dir='ltr' id='par_1_11' title="bbox 142 2538 1922 2993">
     <span class='ocr_line' id='line_1_32' title="bbox 266 2538 1835 2595; baseline 0.001 -16"><span class='ocrx_word' id='word_1_241' title='bbox 266 2541 289 2579; x_wconf 93' lang='lat'>1</span> <span class='ocrx_word' id='word_1_242' title='bbox 332 2550 387 2580; x_wconf 88' lang='lat' dir='ltr'>ex</span> <span class='ocrx_word' id='word_1_243' title='bbox 419 2551 587 2581; x_wconf 90' lang='lat' dir='ltr'>occasu</span> <span class='ocrx_word' id='word_1_244' title='bbox 619 2538 724 2595; x_wconf 83' lang='lat' dir='ltr'>AG]</span> <span class='ocrx_word' id='word_1_245' title='bbox 758 2541 805 2581; x_wconf 90' lang='lat' dir='ltr'>et</span> <span class='ocrx_word' id='word_1_246' title='bbox 837 2551 1027 2582; x_wconf 84' lang='lat' dir='ltr'>occasus</span> <span class='ocrx_word' id='word_1_247' title='bbox 1149 2543 1174 2581; x_wconf 85' lang='lat'>2</span> <span class='ocrx_word' id='word_1_248' title='bbox 1206 2539 1462 2594; x_wconf 85' lang='lat' dir='ltr'>respexerit</span> <span class='ocrx_word' id='word_1_249' title='bbox 1493 2541 1532 2582; x_wconf 93' lang='grc' dir='ltr'><em>Δ</em></span> <span class='ocrx_word' id='word_1_250' title='bbox 1576 2539 1583 2593; x_wconf 85' lang='grc' dir='ltr'>Ι</span> <span class='ocrx_word' id='word_1_251' title='bbox 1634 2541 1835 2593; x_wconf 84' lang='lat' dir='ltr'>aequata</span> 
     </span>
     <span class='ocr_line' id='line_1_33' title="bbox 145 2595 1833 2656; baseline 0.001 -18"><span class='ocrx_word' id='word_1_252' title='bbox 145 2598 169 2647; x_wconf 79' lang='grc' dir='ltr'><strong><em>ζ</em></strong></span> <span class='ocrx_word' id='word_1_253' title='bbox 287 2600 312 2638; x_wconf 90' lang='grc'><strong>3</strong></span> <span class='ocrx_word' id='word_1_254' title='bbox 345 2596 395 2638; x_wconf 83' lang='grc'>111</span> <span class='ocrx_word' id='word_1_255' title='bbox 420 2597 581 2639; x_wconf 85' lang='lat' dir='ltr'>dextro</span> <span class='ocrx_word' id='word_1_256' title='bbox 608 2595 741 2652; x_wconf 84' lang='lat' dir='ltr'>Capr.</span> <span class='ocrx_word' id='word_1_257' title='bbox 766 2600 806 2641; x_wconf 93' lang='grc' dir='ltr'><em>Δ</em></span> <span class='ocrx_word' id='word_1_258' title='bbox 836 2599 843 2653; x_wconf 88' lang='grc' dir='ltr'>Ι</span> <span class='ocrx_word' id='word_1_259' title='bbox 870 2603 952 2642; x_wconf 80' lang='lat' dir='ltr'>aut</span> <span class='ocrx_word' id='word_1_260' title='bbox 975 2611 1082 2640; x_wconf 86' lang='lat' dir='ltr'>vero</span> <span class='ocrx_word' id='word_1_261' title='bbox 1109 2596 1242 2656; x_wconf 77' lang='lat' dir='ltr'>(sit)</span> <span class='ocrx_word' id='word_1_262' title='bbox 1269 2603 1351 2641; x_wconf 84' lang='lat' dir='ltr'>aut</span> <span class='ocrx_word' id='word_1_263' title='bbox 1376 2598 1465 2655; x_wconf 87' lang='lat' dir='ltr'>[in]</span> <span class='ocrx_word' id='word_1_264' title='bbox 1491 2597 1623 2654; x_wconf 88' lang='lat' dir='ltr'>Capr.</span> <span class='ocrx_word' id='word_1_265' title='bbox 1650 2598 1833 2655; x_wconf 86' lang='lat' dir='ltr'>signum</span> 
     </span>
     <span class='ocr_line' id='line_1_34' title="bbox 145 2656 1716 2723; baseline 0.001 -25"><span class='ocrx_word' id='word_1_266' title='bbox 145 2657 170 2705; x_wconf 85' lang='grc' dir='ltr'><strong><em>ζ</em></strong></span> <span class='ocrx_word' id='word_1_267' title='bbox 319 2660 342 2698; x_wconf 82' lang='grc'>7</span> <span class='ocrx_word' id='word_1_268' title='bbox 376 2656 483 2699; x_wconf 84' lang='lat' dir='ltr'>add.</span> <span class='ocrx_word' id='word_1_269' title='bbox 517 2658 542 2707; x_wconf 84' lang='grc' dir='ltr'><em>ζ</em></span> <span class='ocrx_word' id='word_1_270' title='bbox 690 2660 715 2699; x_wconf 81' lang='grc'><strong>9</strong></span> <span class='ocrx_word' id='word_1_271' title='bbox 747 2656 861 2700; x_wconf 88' lang='lat' dir='ltr'>fecit</span> <span class='ocrx_word' id='word_1_272' title='bbox 892 2659 979 2700; x_wconf 83' lang='lat' dir='ltr'>AG</span> <span class='ocrx_word' id='word_1_273' title='bbox 1132 2662 1186 2700; x_wconf 93' lang='grc'>10</span> <span class='ocrx_word' id='word_1_274' title='bbox 1218 2656 1507 2723; x_wconf 86' lang='lat' dir='ltr'>praescribat</span> <span class='ocrx_word' id='word_1_275' title='bbox 1542 2671 1654 2701; x_wconf 83' lang='lat' dir='ltr'>corr.</span> <span class='ocrx_word' id='word_1_276' title='bbox 1686 2671 1716 2699; x_wconf 85' lang='lat' dir='ltr'>v</span> 
     </span>
     <span class='ocr_line' id='line_1_35' title="bbox 147 2712 1834 2772; baseline 0.002 -16"><span class='ocrx_word' id='word_1_277' title='bbox 147 2718 198 2756; x_wconf 93' lang='lat'>11</span> <span class='ocrx_word' id='word_1_278' title='bbox 233 2712 366 2757; x_wconf 88' lang='lat' dir='ltr'>Iliaci</span> <span class='ocrx_word' id='word_1_279' title='bbox 397 2715 455 2772; x_wconf 74' lang='lat' dir='ltr'>N]</span> <span class='ocrx_word' id='word_1_280' title='bbox 502 2715 551 2757; x_wconf 89' lang='lat' dir='ltr'>in</span> <span class='ocrx_word' id='word_1_281' title='bbox 583 2713 775 2758; x_wconf 90' lang='lat' dir='ltr'>iliacum</span> <span class='ocrx_word' id='word_1_282' title='bbox 806 2715 876 2758; x_wconf 88' lang='lat' dir='ltr'>hii</span> <span class='ocrx_word' id='word_1_283' title='bbox 906 2721 942 2758; x_wconf 80' lang='lat'>1)</span> <span class='ocrx_word' id='word_1_284' title='bbox 987 2715 1121 2759; x_wconf 86' lang='lat' dir='ltr'>milia</span> <span class='ocrx_word' id='word_1_285' title='bbox 1153 2715 1304 2759; x_wconf 89' lang='lat' dir='ltr'>cumei</span> <span class='ocrx_word' id='word_1_286' title='bbox 1339 2718 1386 2759; x_wconf 93' lang='grc' dir='ltr'>Γ</span> <span class='ocrx_word' id='word_1_287' title='bbox 1532 2720 1586 2758; x_wconf 81' lang='grc'>14</span> <span class='ocrx_word' id='word_1_288' title='bbox 1626 2716 1673 2759; x_wconf 85' lang='lat' dir='ltr'>et</span> <span class='ocrx_word' id='word_1_289' title='bbox 1696 2717 1834 2771; x_wconf 75' lang='lat' dir='ltr'>prius</span> 
     </span>
     <span class='ocr_line' id='line_1_36' title="bbox 144 2772 1922 2833; baseline 0.001 -17"><span class='ocrx_word' id='word_1_290' title='bbox 144 2786 227 2816; x_wconf 87' lang='lat' dir='ltr'>om.</span> <span class='ocrx_word' id='word_1_291' title='bbox 254 2775 294 2816; x_wconf 91' lang='grc' dir='ltr'><em>Δ</em></span> <span class='ocrx_word' id='word_1_292' title='bbox 420 2778 472 2816; x_wconf 84' lang='grc'>17</span> <span class='ocrx_word' id='word_1_293' title='bbox 507 2772 692 2830; x_wconf 88' lang='lat' dir='ltr'>signum</span> <span class='ocrx_word' id='word_1_294' title='bbox 723 2773 922 2830; x_wconf 88' lang='lat' dir='ltr'>piscium</span> <span class='ocrx_word' id='word_1_295' title='bbox 950 2775 1016 2832; x_wconf 93' lang='grc' dir='ltr'>Γ]</span> <span class='ocrx_word' id='word_1_296' title='bbox 1048 2774 1199 2830; x_wconf 89' lang='lat' dir='ltr'>pisces</span> <span class='ocrx_word' id='word_1_297' title='bbox 1232 2777 1272 2818; x_wconf 98' lang='lat' dir='ltr'><em>A</em></span> <span class='ocrx_word' id='word_1_298' title='bbox 1397 2778 1450 2817; x_wconf 90' lang='lat'>18</span> <span class='ocrx_word' id='word_1_299' title='bbox 1484 2775 1549 2832; x_wconf 88' lang='lat' dir='ltr'>et]</span> <span class='ocrx_word' id='word_1_300' title='bbox 1583 2774 1632 2817; x_wconf 92' lang='lat' dir='ltr'>id</span> <span class='ocrx_word' id='word_1_301' title='bbox 1665 2777 1736 2818; x_wconf 91' lang='lat' dir='ltr'>est</span> <span class='ocrx_word' id='word_1_302' title='bbox 1766 2778 1792 2827; x_wconf 82' lang='grc' dir='ltr'><strong><em>ζ</em></strong></span> <span class='ocrx_word' id='word_1_303' title='bbox 1824 2776 1828 2833; x_wconf 84' lang='grc' dir='ltr'>Ι</span> <span class='ocrx_word' id='word_1_304' title='bbox 1912 2772 1922 2778; x_wconf 68' lang='grc'><em>’</em></span> 
     </span>
     <span class='ocr_line' id='line_1_37' title="bbox 145 2831 1770 2890; baseline 0.001 -16"><span class='ocrx_word' id='word_1_305' title='bbox 145 2831 425 2875; x_wconf 87' lang='lat' dir='ltr'>constitutus</span> <span class='ocrx_word' id='word_1_306' title='bbox 457 2836 540 2875; x_wconf 82' lang='lat' dir='ltr'>AG</span> <span class='ocrx_word' id='word_1_307' title='bbox 670 2838 723 2876; x_wconf 83' lang='lat'>19</span> <span class='ocrx_word' id='word_1_308' title='bbox 756 2833 942 2889; x_wconf 85' lang='lat' dir='ltr'>trigona</span> <span class='ocrx_word' id='word_1_309' title='bbox 974 2836 1014 2876; x_wconf 97' lang='lat' dir='ltr'><em>A</em></span> <span class='ocrx_word' id='word_1_310' title='bbox 1138 2838 1193 2876; x_wconf 83' lang='lat'>20</span> <span class='ocrx_word' id='word_1_311' title='bbox 1227 2834 1333 2877; x_wconf 82' lang='lat' dir='ltr'>add.</span> <span class='ocrx_word' id='word_1_312' title='bbox 1359 2835 1383 2886; x_wconf 84' lang='grc' dir='ltr'><em>ζ</em></span> <span class='ocrx_word' id='word_1_313' title='bbox 1423 2835 1427 2889; x_wconf 80' lang='grc' dir='ltr'>Ι</span> <span class='ocrx_word' id='word_1_314' title='bbox 1471 2833 1604 2890; x_wconf 89' lang='lat' dir='ltr'>signo</span> <span class='ocrx_word' id='word_1_315' title='bbox 1639 2833 1699 2876; x_wconf 90' lang='lat' dir='ltr'>sit</span> <span class='ocrx_word' id='word_1_316' title='bbox 1730 2836 1770 2876; x_wconf 96' lang='lat' dir='ltr'><em>A</em></span> 
     </span>
     <span class='ocr_line' id='line_1_38' title="bbox 143 2891 1830 2948; baseline 0.002 -16"><span class='ocrx_word' id='word_1_317' title='bbox 143 2894 198 2932; x_wconf 82' lang='lat'>23</span> <span class='ocrx_word' id='word_1_318' title='bbox 231 2891 336 2934; x_wconf 80' lang='lat' dir='ltr'>add.</span> <span class='ocrx_word' id='word_1_319' title='bbox 364 2906 391 2932; x_wconf 81' lang='lat' dir='ltr'>a</span> <span class='ocrx_word' id='word_1_320' title='bbox 423 2893 513 2948; x_wconf 85' lang='lat' dir='ltr'>(ac)</span> <span class='ocrx_word' id='word_1_321' title='bbox 650 2895 704 2934; x_wconf 83' lang='lat'>29</span> <span class='ocrx_word' id='word_1_322' title='bbox 737 2891 787 2934; x_wconf 89' lang='lat' dir='ltr'>id</span> <span class='ocrx_word' id='word_1_323' title='bbox 819 2895 890 2936; x_wconf 89' lang='lat' dir='ltr'>est</span> <span class='ocrx_word' id='word_1_324' title='bbox 922 2906 1004 2937; x_wconf 87' lang='lat' dir='ltr'>om.</span> <span class='ocrx_word' id='word_1_325' title='bbox 1031 2895 1070 2935; x_wconf 95' lang='lat' dir='ltr'><em>A</em></span> <span class='ocrx_word' id='word_1_326' title='bbox 1209 2897 1264 2935; x_wconf 90' lang='lat'>30</span> <span class='ocrx_word' id='word_1_327' title='bbox 1298 2894 1343 2935; x_wconf 86' lang='lat' dir='ltr'>et</span> <span class='ocrx_word' id='word_1_328' title='bbox 1375 2891 1601 2935; x_wconf 88' lang='lat' dir='ltr'>Venerem</span> <span class='ocrx_word' id='word_1_329' title='bbox 1632 2892 1830 2936; x_wconf 88' lang='lat' dir='ltr'>Martem</span> 
     </span>
     <span class='ocr_line' id='line_1_39' title="bbox 142 2949 570 2993; baseline 0.002 -2"><span class='ocrx_word' id='word_1_330' title='bbox 142 2951 189 2991; x_wconf 86' lang='lat' dir='ltr'>et</span> <span class='ocrx_word' id='word_1_331' title='bbox 219 2949 499 2993; x_wconf 89' lang='lat' dir='ltr'>Mercurium</span> <span class='ocrx_word' id='word_1_332' title='bbox 531 2953 570 2992; x_wconf 94' lang='lat' dir='ltr'><em>A</em></span> 
     </span>
    </p>
   </div>
   <div class='ocr_carea' id='block_1_4' title="bbox 1475 3025 1559 3068">
    <p class='ocr_par' dir='ltr' id='par_1_12' title="bbox 1475 3025 1559 3068">
     <span class='ocr_line' id='line_1_40' title="bbox 1475 3025 1559 3068; baseline -0.012 0"><span class='ocrx_word' id='word_1_333' title='bbox 1475 3025 1559 3068; x_wconf 76' lang='lat'>10*</span> 
     </span>
    </p>
   </div>
  </div>
 </body>
</html>
