2090 3198
728 149 835 194 v111
868 155 1174 206 17,7—19‚2.
1690 151 1798 203 315

219 270 365 323 Haec
419 274 542 323 sunt
596 270 828 324 Mavorti
882 271 1040 324 decus
1094 274 1362 339 nostrum,
1417 270 1798 324 Barbaricae
1820 274 1883 325 11

107 344 423 414 Sphaerae
449 345 730 414 principia,
753 345 883 398 haec
907 349 988 398 est
1002 343 1275 398 Chaldaici
1300 346 1473 412 operis
1499 345 1797 414 disciplina.

853 491 1049 546 XVIII.

216 596 375 650 Nunc
414 598 480 649 ad
520 600 799 665 sequentes
839 599 1018 665 partes
1060 595 1378 666 Sphaerae
1414 597 1846 651 Barbaricael

59 693 79 725 5
106 689 316 723 omnem
349 675 636 724 tractatum
669 671 999 740 transferam,
1037 689 1172 739 quae
1204 670 1702 741 Myriogenesim
1734 689 1799 724 ex

103 746 283 815 aliqua
320 747 471 815 parte
510 746 766 798 imitatur.
837 743 1105 814 Quicquid
1140 744 1282 798 enim
1313 745 1700 816 Myriogenesis
1733 745 1797 798 de

104 819 332 890 singulis
371 819 594 872 minutis
631 820 960 888 pronuntiat,
998 819 1101 871 hoc
1139 837 1238 871 nos
1279 819 1342 872 de
1382 820 1609 891 singulis
1641 821 1796 873 facie·

47 958 50 962 Ι
103 911 222 945 mus
262 894 520 963 partibus,
598 891 813 964 Integer
858 894 1038 962 itaque
1085 892 1372 963 horoscopi
1422 911 1661 962 gnomon
1705 913 1797 963 po-

47 970 49 972 ’
101 967 307 1020 nendus
343 971 438 1036 est,
476 971 538 1020 ut
575 986 699 1020 vera
739 986 860 1036 pars
901 967 1108 1020 sollerti
1148 968 1532 1036 conputatione
1572 970 1797 1022 collecta

36 1061 79 1094 ιο
103 1041 428 1109 apotelesma
488 1041 633 1094 fideli
694 1041 857 1094 faciat
910 1042 1349 1110 pronuntiatione
1402 1042 1644 1111 proferri.
1738 1041 1797 1097 Si

102 1133 227 1167 vero
260 1117 428 1183 aliter,
467 1119 640 1168 totum
681 1116 935 1185 quicquid
975 1116 1298 1184 promissum
1337 1116 1516 1185 fuerit,
1554 1116 1700 1169 vitiis
1734 1136 1795 1170 ac

101 1189 391 1242 mendaciis
432 1187 818 1243 obumbratur.
904 1189 1064 1243 Nunc
1121 1192 1303 1259 itaque
1357 1191 1673 1260 incipientes
1728 1193 1793 1244 ab

102 1263 286 1316 Ariete
334 1265 572 1335 singulas
619 1264 853 1332 partium
902 1265 1041 1317 vires
1088 1269 1248 1333 atque
1299 1283 1480 1317 earum
1535 1265 1796 1334 apoteles-

100 1341 246 1390 mata
285 1338 573 1391 secundum
618 1338 911 1408 Sphaeram
951 1338 1294 1391 Barbaricam
1334 1339 1677 1408 proferemus,

11 1512 14 1538 ι
33 1506 76 1539 15
708 1485 850 1539 XIX.
908 1485 1183 1554 [ARIES]
1761 1505 1828 1543 foc.
1838 1500 1972 1541 107r11

210 1589 273 1642 In
310 1589 510 1644 Arietis
549 1590 588 1643 I.
636 1595 787 1660 parte
836 1591 1163 1659 quicumque
1209 1591 1495 1645 habuerint
1545 1593 1791 1645 horosco—
1814 1592 1841 1644 l

98 1683 249 1733 pum,
295 1665 341 1717 si
379 1665 747 1718 benivolarum
788 1668 1064 1718 stellarum
1103 1666 1284 1718 radius
1324 1667 1628 1734 accesserit,
1675 1685 1794 1718 nas-

99 1742 285 1790 centur
315 1757 467 1809 reges
492 1739 667 1806 duceS,
700 1758 950 1808 prospere
976 1758 1183 1808 semper
1208 1740 1458 1792 ducentes
1484 1741 1791 1793 exercitum.

97 1811 162 1864 In
193 1811 394 1865 Arietis
431 1816 582 1882 parte
620 1813 686 1866 II.
728 1815 1053 1882 quicumque
1092 1814 1379 1867 habuerint
1417 1814 1792 1884 horoscopum,

13 1905 75 1939 so
100 1890 256 1938 erunt
295 1891 633 1940 contumaces
671 1889 815 1941 fures
856 1892 909 1940 et
948 1889 1040 1956 qui
1080 1906 1290 1957 semper
1328 1893 1672 1958 praepostero
1712 1891 1792 1940 fu-

97 1979 216 2013 rore
267 1965 597 2030 grassentur,
652 1962 980 2015 domicilium
1034 1981 1190 2015 suum
1241 1963 1309 2014 ad
1358 1963 1666 2033 peregrinas
1716 1982 1793 2016 re-

98 2034 283 2104 giones
332 2037 726 2088 transferentes,
806 2035 863 2088 Si
901 2055 1027 2088 vero
1068 2037 1125 2088 in
1163 2038 1263 2089 hac
1302 2040 1451 2105 parte
1492 2039 1790 2105 horoscopo

98 2110 390 2161 constituto
430 2109 573 2162 Mars
613 2111 981 2163 testimonium
1024 2111 1341 2175 adhibuerit,
1387 2115 1439 2164 et
1478 2111 1686 2163 Lunam
1727 2112 1790 2164 de

98 2183 356 2251 quadrato
389 2183 474 2236 vel
506 2184 569 2236 de
602 2184 860 2237 diametro
893 2185 1102 2251 viderit,
1142 2185 1426 2252 praedictis
1462 2185 1790 2238 facinoribus

30 2276 73 2309 25
99 2257 320 2309 detectis
360 2258 577 2326 publica
616 2258 1072 2311 animadversione
1103 2259 1423 2328 plectuntur.
1494 2258 1557 2311 In
1593 2259 1843 2312 Arietis2

96 2335 247 2400 parte
271 2330 363 2382 ΠΙ.
393 2333 715 2400 quicumque
738 2332 1025 2385 habuerint
1048 2332 1420 2402 horoscopum,
1454 2337 1608 2386 erunt
1641 2334 1787 2386 surdi

217 2481 240 2518 ‘2
275 2476 475 2519 caldaici
506 2479 591 2520 AA
642 2477 871 2521 chaldeici
904 2482 975 2520 Gv
1126 2483 1152 2520 4
1186 2493 1309 2522 nunc
1340 2478 1483 2537 A‘D2]
1532 2479 1654 2522 hunc
1685 2480 1789 2522 D¹G

96 2535 205 2578 hinc
236 2540 274 2577 N
332 2541 336 2590 Ι
394 2537 576 2591 partem
609 2538 647 2579 Δ
770 2541 795 2579 5
829 2551 952 2592 quae
983 2539 1044 2595 Δ]
1078 2551 1216 2593 quem
1252 2540 1298 2582 Γ
1415 2543 1437 2581 ’1
1472 2538 1697 2582 faciemus
1731 2539 1788 2582 de

98 2595 294 2651 singulis
327 2594 378 2637 A‘
501 2600 526 2638 8
559 2595 839 2651 horoscopus
871 2611 984 2640 corr.
1018 2601 1043 2649 ζ
1164 2602 1215 2640 11
1251 2611 1356 2640 vero
1390 2598 1528 2641 aliter
1563 2599 1628 2656 Γ]
1663 2598 1787 2641 enim

98 2656 136 2696 Δ
196 2658 202 2710 Ι
258 2654 371 2697 vitio
409 2656 455 2697 Γ
602 2659 654 2696 13
688 2655 892 2710 partium
926 2656 1015 2714 Gv]
1060 2659 1217 2712 partes
1251 2659 1336 2699 AA
1371 2658 1545 2713 (partes
1577 2657 1787 2712 viresque

99 2726 255 2755 corum
288 2716 412 2768 apot.
439 2715 491 2768 A)
618 2718 670 2757 16
703 2713 755 2756 In
786 2714 819 2757 Ι.
852 2717 986 2770 parte
1019 2715 1118 2759 eius
1143 2719 1182 2758 Δ
1227 2717 1232 2770 Ι
1278 2715 1528 2760 habuerint
1553 2717 1607 2774 A]
1642 2715 1788 2759 habu-

97 2775 233 2815 erunt
265 2776 298 2814 G
331 2772 547 2815 habuerit
579 2775 618 2815 A
629 2776 673 2827 v)
733 2778 737 2826 Ι
794 2772 1103 2829 horoscopum
1135 2775 1413 2818 collocatum
1445 2778 1485 2818 Δ
1626 2779 1679 2817 18
1713 2789 1788 2819 ex-

100 2831 269 2874 ercitus
303 2834 341 2874 Δ
466 2837 517 2874 21
552 2831 763 2888 regiones
797 2833 934 2890 GNv]
967 2834 1178 2877 nationes
1210 2839 1246 2876 Ι)
1282 2836 1428 2877 terras
1461 2838 1497 2875 A
1620 2839 1674 2876 22
1707 2834 1788 2877 ho-

96 2904 317 2945 roscopus
342 2891 506 2934 Martis
531 2890 851 2934 testimonium
876 2891 1095 2936 habuerit
1119 2897 1156 2934 A
1277 2897 1331 2936 23
1359 2893 1535 2936 Lunam
1560 2893 1630 2948 A']
1657 2893 1787 2936 Luna

98 2951 183 2991 AG
305 2955 359 2992 25
394 2949 566 2993 detecti
598 2964 710 2994 corr.
745 2951 768 3002 ζ
797 2956 948 2994 tuetur
979 2968 1005 2994 κ
1038 2954 1118 3007 qui
1150 2950 1270 3010 <in>
1304 2953 1461 3007 praed.
