<?xml version="1.0" encoding="UTF-8"?>
<!DOCTYPE html PUBLIC "-//W3C//DTD XHTML 1.0 Transitional//EN"
    "http://www.w3.org/TR/xhtml1/DTD/xhtml1-transitional.dtd">
<html xmlns="http://www.w3.org/1999/xhtml" xml:lang="en" lang="en">
 <head>
  <title>
</title>
<meta http-equiv="Content-Type" content="text/html;charset=utf-8" />
  <meta name='ocr-system' content='tesseract 3.04.00' />
  <meta name='ocr-capabilities' content='ocr_page ocr_carea ocr_par ocr_line ocrx_word'/>
</head>
<body>
  <div class='ocr_page' id='page_1' title='image "./matheseoslibrivi02firmuoft_0169.png"; bbox 0 0 2066 3192; ppageno 0'>
   <div class='ocr_carea' id='block_1_1' title="bbox 795 128 1784 184">
    <p class='ocr_par' dir='ltr' id='par_1_1' title="bbox 795 128 1784 184">
     <span class='ocr_line' id='line_1_1' title="bbox 795 128 1784 184; baseline 0.01 -12"><span class='ocrx_word' id='word_1_1' title='bbox 795 128 857 173; x_wconf 88' lang='lat' dir='ltr'>VI</span> <span class='ocrx_word' id='word_1_2' title='bbox 889 133 961 184; x_wconf 90' lang='lat'>11,</span> <span class='ocrx_word' id='word_1_3' title='bbox 984 139 1100 174; x_wconf 79' lang='lat'><strong>5—9.</strong></span> <span class='ocrx_word' id='word_1_4' title='bbox 1713 128 1784 182; x_wconf 80' lang='lat'>95</span> 
     </span>
    </p>
   </div>
   <div class='ocr_carea' id='block_1_2' title="bbox 0 248 1839 2253">
    <p class='ocr_par' dir='ltr' id='par_1_2' title="bbox 0 248 1839 2253">
     <span class='ocr_line' id='line_1_2' title="bbox 95 248 1786 320; baseline 0.001 -19"><span class='ocrx_word' id='word_1_5' title='bbox 95 248 299 302; x_wconf 88' lang='lat' dir='ltr'>tatibus</span> <span class='ocrx_word' id='word_1_6' title='bbox 353 251 720 320; x_wconf 75' lang='lat' dir='ltr'><strong>protegantur,</strong></span> <span class='ocrx_word' id='word_1_7' title='bbox 772 252 833 302; x_wconf 91' lang='lat' dir='ltr'>ut</span> <span class='ocrx_word' id='word_1_8' title='bbox 887 250 1026 302; x_wconf 90' lang='lat' dir='ltr'>mala</span> <span class='ocrx_word' id='word_1_9' title='bbox 1080 249 1405 303; x_wconf 87' lang='lat' dir='ltr'>conscientia</span> <span class='ocrx_word' id='word_1_10' title='bbox 1459 248 1592 302; x_wconf 89' lang='lat' dir='ltr'>celet</span> <span class='ocrx_word' id='word_1_11' title='bbox 1642 249 1786 318; x_wconf 91' lang='lat' dir='ltr'>quic-</span> 
     </span>
     <span class='ocr_line' id='line_1_3' title="bbox 96 322 1787 393; baseline 0 -18"><span class='ocrx_word' id='word_1_12' title='bbox 96 322 225 391; x_wconf 86' lang='lat' dir='ltr'>quid</span> <span class='ocrx_word' id='word_1_13' title='bbox 284 323 494 376; x_wconf 80' lang='lat' dir='ltr'>vitiosis</span> <span class='ocrx_word' id='word_1_14' title='bbox 556 324 718 376; x_wconf 90' lang='lat' dir='ltr'>animi</span> <span class='ocrx_word' id='word_1_15' title='bbox 781 323 1164 393; x_wconf 87' lang='lat' dir='ltr'>cupiditatibus</span> <span class='ocrx_word' id='word_1_16' title='bbox 1226 323 1390 376; x_wconf 89' lang='lat' dir='ltr'>fuerit</span> <span class='ocrx_word' id='word_1_17' title='bbox 1451 323 1787 393; x_wconf 86' lang='lat' dir='ltr'>imperatum,</span> 
     </span>
     <span class='ocr_line' id='line_1_4' title="bbox 95 395 1787 467; baseline 0.001 -18"><span class='ocrx_word' id='word_1_18' title='bbox 95 397 405 465; x_wconf 89' lang='lat' dir='ltr'>praesertim</span> <span class='ocrx_word' id='word_1_19' title='bbox 458 398 502 450; x_wconf 90' lang='lat' dir='ltr'>si</span> <span class='ocrx_word' id='word_1_20' title='bbox 553 397 790 466; x_wconf 86' lang='lat' dir='ltr'>aliquem</span> <span class='ocrx_word' id='word_1_21' title='bbox 840 399 1034 451; x_wconf 91' lang='lat' dir='ltr'>horum</span> <span class='ocrx_word' id='word_1_22' title='bbox 1080 397 1165 451; x_wconf 82' lang='lat' dir='ltr'>vel</span> <span class='ocrx_word' id='word_1_23' title='bbox 1210 397 1372 450; x_wconf 88' lang='lat' dir='ltr'>simul</span> <span class='ocrx_word' id='word_1_24' title='bbox 1418 397 1625 467; x_wconf 90' lang='lat' dir='ltr'>positus</span> <span class='ocrx_word' id='word_1_25' title='bbox 1663 395 1787 467; x_wconf 91' lang='lat' dir='ltr'>Iup-</span> 
     </span>
     <span class='ocr_line' id='line_1_5' title="bbox 93 471 1338 542; baseline 0.001 -19"><span class='ocrx_word' id='word_1_26' title='bbox 93 472 233 539; x_wconf 87' lang='lat' dir='ltr'>piter</span> <span class='ocrx_word' id='word_1_27' title='bbox 270 471 355 524; x_wconf 84' lang='lat' dir='ltr'>vel</span> <span class='ocrx_word' id='word_1_28' title='bbox 393 471 660 542; x_wconf 87' lang='lat' dir='ltr'>trigonica</span> <span class='ocrx_word' id='word_1_29' title='bbox 699 472 994 526; x_wconf 85' lang='lat' dir='ltr'>radiatione</span> <span class='ocrx_word' id='word_1_30' title='bbox 1032 472 1338 541; x_wconf 85' lang='lat' dir='ltr'>respexerit.</span> 
     </span>
     <span class='ocr_line' id='line_1_6' title="bbox 49 544 1835 616; baseline 0.001 -17"><span class='ocrx_word' id='word_1_31' title='bbox 49 566 69 599; x_wconf 79' lang='lat'><strong>⁶</strong></span> <span class='ocrx_word' id='word_1_32' title='bbox 207 544 394 614; x_wconf 91' lang='lat' dir='ltr'>[Mars</span> <span class='ocrx_word' id='word_1_33' title='bbox 435 549 495 598; x_wconf 93' lang='lat' dir='ltr'>et</span> <span class='ocrx_word' id='word_1_34' title='bbox 528 545 883 600; x_wconf 86' lang='lat' dir='ltr'>Mercurius</span> <span class='ocrx_word' id='word_1_35' title='bbox 925 545 1259 616; x_wconf 68' lang='lat' dir='ltr'>quadrati]</span> <span class='ocrx_word' id='word_1_36' title='bbox 1301 545 1359 599; x_wconf 83' lang='lat' dir='ltr'>Si</span> <span class='ocrx_word' id='word_1_37' title='bbox 1390 545 1534 599; x_wconf 90' lang='lat' dir='ltr'>Mars</span> <span class='ocrx_word' id='word_1_38' title='bbox 1567 549 1621 599; x_wconf 89' lang='lat' dir='ltr'>et</span> <span class='ocrx_word' id='word_1_39' title='bbox 1650 546 1835 600; x_wconf 90' lang='lat' dir='ltr'>Mer-8</span> 
     </span>
     <span class='ocr_line' id='line_1_7' title="bbox 95 620 1787 689; baseline 0.001 -18"><span class='ocrx_word' id='word_1_40' title='bbox 95 620 273 672; x_wconf 86' lang='lat' dir='ltr'>curius</span> <span class='ocrx_word' id='word_1_41' title='bbox 313 620 570 689; x_wconf 84' lang='lat' dir='ltr'>quadrata</span> <span class='ocrx_word' id='word_1_42' title='bbox 607 621 808 674; x_wconf 82' lang='lat' dir='ltr'>fuerint</span> <span class='ocrx_word' id='word_1_43' title='bbox 845 620 1140 674; x_wconf 90' lang='lat' dir='ltr'>radiatione</span> <span class='ocrx_word' id='word_1_44' title='bbox 1181 620 1475 688; x_wconf 89' lang='lat' dir='ltr'>coniuncti,</span> <span class='ocrx_word' id='word_1_45' title='bbox 1521 623 1574 673; x_wconf 90' lang='lat' dir='ltr'>et</span> <span class='ocrx_word' id='word_1_46' title='bbox 1614 620 1787 674; x_wconf 78' lang='lat' dir='ltr'><strong>dextri</strong></span> 
     </span>
     <span class='ocr_line' id='line_1_8' title="bbox 95 693 1789 765; baseline 0.001 -20"><span class='ocrx_word' id='word_1_47' title='bbox 95 693 340 761; x_wconf 87' lang='lat' dir='ltr'>quadrati</span> <span class='ocrx_word' id='word_1_48' title='bbox 393 693 536 747; x_wconf 88' lang='lat' dir='ltr'>Mars</span> <span class='ocrx_word' id='word_1_49' title='bbox 593 696 922 763; x_wconf 90' lang='lat' dir='ltr'>superiorem</span> <span class='ocrx_word' id='word_1_50' title='bbox 967 694 1248 765; x_wconf 89' lang='lat' dir='ltr'>possidens</span> <span class='ocrx_word' id='word_1_51' title='bbox 1293 697 1502 763; x_wconf 89' lang='lat' dir='ltr'>partem</span> <span class='ocrx_word' id='word_1_52' title='bbox 1560 694 1618 748; x_wconf 91' lang='lat' dir='ltr'>in</span> <span class='ocrx_word' id='word_1_53' title='bbox 1664 695 1789 747; x_wconf 89' lang='lat' dir='ltr'>sini-</span> 
     </span>
     <span class='ocr_line' id='line_1_9' title="bbox 95 768 1788 836; baseline 0.001 -16"><span class='ocrx_word' id='word_1_54' title='bbox 95 771 206 820; x_wconf 90' lang='lat' dir='ltr'>stro</span> <span class='ocrx_word' id='word_1_55' title='bbox 263 768 521 836; x_wconf 83' lang='lat' dir='ltr'>quadrato</span> <span class='ocrx_word' id='word_1_56' title='bbox 577 768 902 823; x_wconf 83' lang='lat' dir='ltr'>Mercurium</span> <span class='ocrx_word' id='word_1_57' title='bbox 957 769 1310 822; x_wconf 85' lang='lat' dir='ltr'>constitutum</span> <span class='ocrx_word' id='word_1_58' title='bbox 1362 769 1560 822; x_wconf 89' lang='lat' dir='ltr'>minaci</span> <span class='ocrx_word' id='word_1_59' title='bbox 1620 769 1788 822; x_wconf 85' lang='lat' dir='ltr'>radia-</span> 
     </span>
     <span class='ocr_line' id='line_1_10' title="bbox 93 843 1788 912; baseline 0.001 -18"><span class='ocrx_word' id='word_1_60' title='bbox 93 843 240 896; x_wconf 91' lang='lat' dir='ltr'>tione</span> <span class='ocrx_word' id='word_1_61' title='bbox 285 843 600 912; x_wconf 84' lang='lat' dir='ltr'>respexerit,</span> <span class='ocrx_word' id='word_1_62' title='bbox 654 844 894 897; x_wconf 83' lang='lat' dir='ltr'>omnium</span> <span class='ocrx_word' id='word_1_63' title='bbox 941 845 1204 897; x_wconf 89' lang='lat' dir='ltr'>malorum</span> <span class='ocrx_word' id='word_1_64' title='bbox 1251 843 1565 897; x_wconf 84' lang='lat' dir='ltr'>metuendos</span> <span class='ocrx_word' id='word_1_65' title='bbox 1614 844 1788 896; x_wconf 83' lang='lat' dir='ltr'>exitus</span> 
     </span>
     <span class='ocr_line' id='line_1_11' title="bbox 26 916 1788 988; baseline -0.001 -16"><span class='ocrx_word' id='word_1_66' title='bbox 26 938 71 972; x_wconf 79' lang='grc' dir='ltr'>ιο</span> <span class='ocrx_word' id='word_1_67' title='bbox 96 916 331 969; x_wconf 73' lang='lat' dir='ltr'>decernit</span> <span class='ocrx_word' id='word_1_68' title='bbox 377 918 480 969; x_wconf 88' lang='lat' dir='ltr'>ista</span> <span class='ocrx_word' id='word_1_69' title='bbox 528 918 858 986; x_wconf 86' lang='lat' dir='ltr'>coniuncti03</span> <span class='ocrx_word' id='word_1_70' title='bbox 904 918 1097 972; x_wconf 83' lang='lat' dir='ltr'>nociva</span> <span class='ocrx_word' id='word_1_71' title='bbox 1139 936 1349 988; x_wconf 86' lang='lat' dir='ltr'>semper</span> <span class='ocrx_word' id='word_1_72' title='bbox 1385 917 1659 971; x_wconf 89' lang='lat' dir='ltr'>hominem</span> <span class='ocrx_word' id='word_1_73' title='bbox 1699 917 1788 970; x_wconf 90' lang='lat' dir='ltr'>do-</span> 
     </span>
     <span class='ocr_line' id='line_1_12' title="bbox 92 989 1790 1062; baseline 0.001 -19"><span class='ocrx_word' id='word_1_74' title='bbox 92 989 267 1044; x_wconf 93' lang='lat' dir='ltr'>lorum</span> <span class='ocrx_word' id='word_1_75' title='bbox 321 992 723 1062; x_wconf 70' lang='lat' dir='ltr'>continuatione</span> <span class='ocrx_word' id='word_1_76' title='bbox 776 992 1044 1062; x_wconf 88' lang='lat' dir='ltr'>debilitat,</span> <span class='ocrx_word' id='word_1_77' title='bbox 1100 995 1153 1045; x_wconf 91' lang='lat' dir='ltr'>et</span> <span class='ocrx_word' id='word_1_78' title='bbox 1207 1011 1390 1046; x_wconf 89' lang='lat' dir='ltr'>omnes</span> <span class='ocrx_word' id='word_1_79' title='bbox 1445 994 1596 1046; x_wconf 90' lang='lat' dir='ltr'>actus</span> <span class='ocrx_word' id='word_1_80' title='bbox 1642 993 1790 1045; x_wconf 87' lang='lat' dir='ltr'>varia</span> 
     </span>
     <span class='ocr_line' id='line_1_13' title="bbox 94 1066 1788 1138; baseline 0.001 -20"><span class='ocrx_word' id='word_1_81' title='bbox 94 1066 471 1118; x_wconf 75' lang='lat' dir='ltr'>contrarietate</span> <span class='ocrx_word' id='word_1_82' title='bbox 536 1084 743 1136; x_wconf 84' lang='lat' dir='ltr'>semper</span> <span class='ocrx_word' id='word_1_83' title='bbox 796 1067 1081 1138; x_wconf 83' lang='lat' dir='ltr'>inpugnat,</span> <span class='ocrx_word' id='word_1_84' title='bbox 1148 1069 1201 1119; x_wconf 91' lang='lat' dir='ltr'>et</span> <span class='ocrx_word' id='word_1_85' title='bbox 1258 1066 1508 1138; x_wconf 89' lang='lat' dir='ltr'>malignis</span> <span class='ocrx_word' id='word_1_86' title='bbox 1562 1067 1788 1120; x_wconf 89' lang='lat' dir='ltr'>rumori-</span> 
     </span>
     <span class='ocr_line' id='line_1_14' title="bbox 92 1139 1788 1210; baseline 0.001 -18"><span class='ocrx_word' id='word_1_87' title='bbox 92 1139 193 1192; x_wconf 85' lang='lat' dir='ltr'>bus</span> <span class='ocrx_word' id='word_1_88' title='bbox 248 1140 385 1192; x_wconf 92' lang='lat' dir='ltr'>male</span> <span class='ocrx_word' id='word_1_89' title='bbox 440 1159 648 1209; x_wconf 85' lang='lat' dir='ltr'>semper</span> <span class='ocrx_word' id='word_1_90' title='bbox 693 1141 794 1194; x_wconf 93' lang='lat' dir='ltr'>hos</span> <span class='ocrx_word' id='word_1_91' title='bbox 842 1141 1054 1195; x_wconf 91' lang='lat' dir='ltr'>eosdem</span> <span class='ocrx_word' id='word_1_92' title='bbox 1101 1140 1360 1195; x_wconf 86' lang='lat' dir='ltr'>insinuari</span> <span class='ocrx_word' id='word_1_93' title='bbox 1410 1141 1673 1210; x_wconf 85' lang='lat' dir='ltr'>perficiet,</span> <span class='ocrx_word' id='word_1_94' title='bbox 1736 1144 1788 1194; x_wconf 88' lang='lat' dir='ltr'>et</span> 
     </span>
     <span class='ocr_line' id='line_1_15' title="bbox 95 1213 1788 1268; baseline 0.001 -2"><span class='ocrx_word' id='word_1_95' title='bbox 95 1213 402 1267; x_wconf 89' lang='lat' dir='ltr'>acerbarum</span> <span class='ocrx_word' id='word_1_96' title='bbox 472 1216 871 1268; x_wconf 89' lang='lat' dir='ltr'>accusationum</span> <span class='ocrx_word' id='word_1_97' title='bbox 942 1216 1176 1268; x_wconf 87' lang='lat' dir='ltr'>concitat</span> <span class='ocrx_word' id='word_1_98' title='bbox 1253 1215 1538 1268; x_wconf 89' lang='lat' dir='ltr'>metuenda</span> <span class='ocrx_word' id='word_1_99' title='bbox 1607 1216 1788 1268; x_wconf 89' lang='lat' dir='ltr'>discri-</span> 
     </span>
     <span class='ocr_line' id='line_1_16' title="bbox 0 1289 1789 1359; baseline -0.002 -14"><span class='ocrx_word' id='word_1_100' title='bbox 0 1310 71 1356; x_wconf 83' lang='lat'>:¹⁵</span> <span class='ocrx_word' id='word_1_101' title='bbox 94 1289 265 1358; x_wconf 90' lang='lat' dir='ltr'>mina,</span> <span class='ocrx_word' id='word_1_102' title='bbox 319 1292 381 1341; x_wconf 89' lang='lat' dir='ltr'>ut</span> <span class='ocrx_word' id='word_1_103' title='bbox 434 1307 499 1341; x_wconf 86' lang='lat' dir='ltr'>ex</span> <span class='ocrx_word' id='word_1_104' title='bbox 553 1290 779 1342; x_wconf 89' lang='lat' dir='ltr'>istorum</span> <span class='ocrx_word' id='word_1_105' title='bbox 832 1290 1192 1359; x_wconf 88' lang='lat' dir='ltr'>periculorum</span> <span class='ocrx_word' id='word_1_106' title='bbox 1247 1290 1641 1343; x_wconf 84' lang='lat' dir='ltr'>calamitatibus</span> <span class='ocrx_word' id='word_1_107' title='bbox 1696 1293 1789 1343; x_wconf 90' lang='lat' dir='ltr'>aut</span> 
     </span>
     <span class='ocr_line' id='line_1_17' title="bbox 95 1362 1789 1418; baseline 0 -2"><span class='ocrx_word' id='word_1_108' title='bbox 95 1363 351 1416; x_wconf 90' lang='lat' dir='ltr'>custodiis</span> <span class='ocrx_word' id='word_1_109' title='bbox 414 1364 692 1417; x_wconf 90' lang='lat' dir='ltr'>tradantur</span> <span class='ocrx_word' id='word_1_110' title='bbox 743 1368 837 1417; x_wconf 91' lang='lat' dir='ltr'>aut</span> <span class='ocrx_word' id='word_1_111' title='bbox 891 1365 1102 1418; x_wconf 87' lang='lat' dir='ltr'>carceri.</span> <span class='ocrx_word' id='word_1_112' title='bbox 1196 1362 1300 1417; x_wconf 81' lang='lat' dir='ltr'>Sed</span> <span class='ocrx_word' id='word_1_113' title='bbox 1353 1365 1485 1418; x_wconf 89' lang='lat' dir='ltr'>haec</span> <span class='ocrx_word' id='word_1_114' title='bbox 1538 1365 1679 1417; x_wconf 91' lang='lat' dir='ltr'>mala</span> <span class='ocrx_word' id='word_1_115' title='bbox 1732 1365 1789 1416; x_wconf 92' lang='lat' dir='ltr'>in</span> 
     </span>
     <span class='ocr_line' id='line_1_18' title="bbox 95 1437 1787 1508; baseline 0.001 -18"><span class='ocrx_word' id='word_1_116' title='bbox 95 1437 284 1490; x_wconf 88' lang='lat' dir='ltr'>diurna</span> <span class='ocrx_word' id='word_1_117' title='bbox 324 1439 570 1508; x_wconf 89' lang='lat' dir='ltr'>genitura</span> <span class='ocrx_word' id='word_1_118' title='bbox 609 1439 802 1491; x_wconf 87' lang='lat' dir='ltr'>fortius</span> <span class='ocrx_word' id='word_1_119' title='bbox 842 1438 1235 1508; x_wconf 87' lang='lat' dir='ltr'>convalescunt,</span> <span class='ocrx_word' id='word_1_120' title='bbox 1274 1439 1331 1491; x_wconf 91' lang='lat' dir='ltr'>in</span> <span class='ocrx_word' id='word_1_121' title='bbox 1367 1442 1630 1492; x_wconf 90' lang='lat' dir='ltr'>nocturna</span> <span class='ocrx_word' id='word_1_122' title='bbox 1660 1457 1787 1492; x_wconf 84' lang='lat' dir='ltr'>vero</span> 
     </span>
     <span class='ocr_line' id='line_1_19' title="bbox 96 1512 1839 1584; baseline 0.001 -20"><span class='ocrx_word' id='word_1_123' title='bbox 96 1531 158 1565; x_wconf 84' lang='lat' dir='ltr'>ex</span> <span class='ocrx_word' id='word_1_124' title='bbox 204 1515 355 1582; x_wconf 91' lang='lat' dir='ltr'>parte</span> <span class='ocrx_word' id='word_1_125' title='bbox 402 1513 582 1581; x_wconf 89' lang='lat' dir='ltr'>aliqua</span> <span class='ocrx_word' id='word_1_126' title='bbox 627 1513 958 1584; x_wconf 88' lang='lat' dir='ltr'>mitigantur.</span> <span class='ocrx_word' id='word_1_127' title='bbox 1038 1512 1097 1566; x_wconf 81' lang='lat' dir='ltr'>Si</span> <span class='ocrx_word' id='word_1_128' title='bbox 1134 1531 1259 1567; x_wconf 81' lang='lat' dir='ltr'>vero</span> <span class='ocrx_word' id='word_1_129' title='bbox 1300 1512 1596 1567; x_wconf 90' lang='lat' dir='ltr'>Mercurius</span> <span class='ocrx_word' id='word_1_130' title='bbox 1636 1532 1787 1583; x_wconf 92' lang='lat' dir='ltr'>supe·</span> <span class='ocrx_word' id='word_1_131' title='bbox 1806 1513 1839 1566; x_wconf 89' lang='grc'><strong>9</strong></span> 
     </span>
     <span class='ocr_line' id='line_1_20' title="bbox 95 1587 1788 1657; baseline 0.001 -19"><span class='ocrx_word' id='word_1_132' title='bbox 95 1587 205 1639; x_wconf 92' lang='lat' dir='ltr'>rior</span> <span class='ocrx_word' id='word_1_133' title='bbox 259 1587 476 1640; x_wconf 87' lang='lat' dir='ltr'>effectus</span> <span class='ocrx_word' id='word_1_134' title='bbox 532 1590 584 1640; x_wconf 88' lang='lat' dir='ltr'>et</span> <span class='ocrx_word' id='word_1_135' title='bbox 639 1587 885 1640; x_wconf 86' lang='lat' dir='ltr'>dextrum</span> <span class='ocrx_word' id='word_1_136' title='bbox 939 1588 1216 1657; x_wconf 89' lang='lat' dir='ltr'>possidens</span> <span class='ocrx_word' id='word_1_137' title='bbox 1269 1589 1411 1640; x_wconf 89' lang='lat' dir='ltr'>latus</span> <span class='ocrx_word' id='word_1_138' title='bbox 1457 1587 1685 1641; x_wconf 89' lang='lat' dir='ltr'>Martem</span> <span class='ocrx_word' id='word_1_139' title='bbox 1732 1590 1788 1640; x_wconf 94' lang='lat' dir='ltr'>in</span> 
     </span>
     <span class='ocr_line' id='line_1_21' title="bbox 0 1660 1789 1732; baseline 0.001 -17"><span class='ocrx_word' id='word_1_140' title='bbox 0 1681 72 1723; x_wconf 54' lang='lat' dir='ltr'>sto</span> <span class='ocrx_word' id='word_1_141' title='bbox 96 1660 336 1713; x_wconf 89' lang='lat' dir='ltr'>inferiori</span> <span class='ocrx_word' id='word_1_142' title='bbox 386 1663 505 1714; x_wconf 93' lang='lat' dir='ltr'>loco</span> <span class='ocrx_word' id='word_1_143' title='bbox 558 1662 912 1715; x_wconf 89' lang='lat' dir='ltr'>constitutum</span> <span class='ocrx_word' id='word_1_144' title='bbox 964 1663 1221 1731; x_wconf 89' lang='lat' dir='ltr'>quadrata</span> <span class='ocrx_word' id='word_1_145' title='bbox 1271 1662 1566 1715; x_wconf 88' lang='lat' dir='ltr'>radiatione</span> <span class='ocrx_word' id='word_1_146' title='bbox 1615 1681 1789 1732; x_wconf 92' lang='lat' dir='ltr'>respe-</span> 
     </span>
     <span class='ocr_line' id='line_1_22' title="bbox 94 1736 1788 1807; baseline 0.002 -20"><span class='ocrx_word' id='word_1_147' title='bbox 94 1736 255 1804; x_wconf 81' lang='lat' dir='ltr'>xerit,</span> <span class='ocrx_word' id='word_1_148' title='bbox 317 1736 623 1788; x_wconf 88' lang='lat' dir='ltr'>coniunctio</span> <span class='ocrx_word' id='word_1_149' title='bbox 685 1737 788 1789; x_wconf 87' lang='lat' dir='ltr'>ista</span> <span class='ocrx_word' id='word_1_150' title='bbox 842 1738 1013 1790; x_wconf 88' lang='lat' dir='ltr'>malos</span> <span class='ocrx_word' id='word_1_151' title='bbox 1067 1737 1334 1807; x_wconf 87' lang='lat' dir='ltr'>malignos</span> <span class='ocrx_word' id='word_1_152' title='bbox 1387 1737 1788 1806; x_wconf 87' lang='lat' dir='ltr'>malitiososque</span> 
     </span>
     <span class='ocr_line' id='line_1_23' title="bbox 0 1809 1789 1880; baseline 0 -17"><span class='ocrx_word' id='word_1_153' title='bbox 0 1876 3 1879; x_wconf 18' lang='grc' dir='ltr'>Ι</span> <span class='ocrx_word' id='word_1_154' title='bbox 95 1809 351 1878; x_wconf 86' lang='lat' dir='ltr'>perficiet,</span> <span class='ocrx_word' id='word_1_155' title='bbox 390 1810 623 1879; x_wconf 87' lang='lat' dir='ltr'>pessima</span> <span class='ocrx_word' id='word_1_156' title='bbox 653 1829 715 1864; x_wconf 88' lang='lat' dir='ltr'>ac</span> <span class='ocrx_word' id='word_1_157' title='bbox 746 1811 1001 1880; x_wconf 86' lang='lat' dir='ltr'>pestifera</span> <span class='ocrx_word' id='word_1_158' title='bbox 1032 1830 1239 1880; x_wconf 87' lang='lat' dir='ltr'>semper</span> <span class='ocrx_word' id='word_1_159' title='bbox 1270 1811 1564 1880; x_wconf 88' lang='lat' dir='ltr'>cupiditate</span> <span class='ocrx_word' id='word_1_160' title='bbox 1595 1812 1789 1864; x_wconf 89' lang='lat' dir='ltr'>mentis</span> 
     </span>
     <span class='ocr_line' id='line_1_24' title="bbox 10 1885 1791 1955; baseline 0.002 -20"><span class='ocrx_word' id='word_1_161' title='bbox 10 1885 14 1891; x_wconf 84' lang='grc'><strong><em>’</em></strong></span> <span class='ocrx_word' id='word_1_162' title='bbox 96 1887 352 1954; x_wconf 88' lang='lat' dir='ltr'>armatos,</span> <span class='ocrx_word' id='word_1_163' title='bbox 406 1886 583 1937; x_wconf 90' lang='lat' dir='ltr'>omnia</span> <span class='ocrx_word' id='word_1_164' title='bbox 630 1886 1186 1954; x_wconf 88' lang='lat' dir='ltr'>circumscriptionum</span> <span class='ocrx_word' id='word_1_165' title='bbox 1240 1888 1542 1938; x_wconf 84' lang='lat' dir='ltr'>exercentes</span> <span class='ocrx_word' id='word_1_166' title='bbox 1573 1885 1791 1955; x_wconf 60' lang='lat' dir='ltr'>officia,</span> 
     </span>
     <span class='ocr_line' id='line_1_25' title="bbox 2 1959 1788 2028; baseline 0.002 -19"><span class='ocrx_word' id='word_1_167' title='bbox 2 2018 6 2026; x_wconf 31' lang='grc' dir='ltr'><strong><em>Ι</em></strong></span> <span class='ocrx_word' id='word_1_168' title='bbox 96 1975 313 2028; x_wconf 83' lang='lat' dir='ltr'>rapaces</span> <span class='ocrx_word' id='word_1_169' title='bbox 354 1963 407 2012; x_wconf 91' lang='lat' dir='ltr'>et</span> <span class='ocrx_word' id='word_1_170' title='bbox 447 1959 538 2027; x_wconf 90' lang='lat' dir='ltr'>qui</span> <span class='ocrx_word' id='word_1_171' title='bbox 579 1959 643 2012; x_wconf 88' lang='lat' dir='ltr'>de</span> <span class='ocrx_word' id='word_1_172' title='bbox 681 1959 839 2012; x_wconf 88' lang='lat' dir='ltr'>rebus</span> <span class='ocrx_word' id='word_1_173' title='bbox 872 1959 1060 2012; x_wconf 88' lang='lat' dir='ltr'>alienis</span> <span class='ocrx_word' id='word_1_174' title='bbox 1092 1961 1239 2013; x_wconf 86' lang='lat' dir='ltr'>varia</span> <span class='ocrx_word' id='word_1_175' title='bbox 1270 1961 1465 2013; x_wconf 87' lang='lat' dir='ltr'>mentis</span> <span class='ocrx_word' id='word_1_176' title='bbox 1497 1960 1788 2028; x_wconf 86' lang='lat' dir='ltr'>cupiditate</span> 
     </span>
     <span class='ocr_line' id='line_1_26' title="bbox 0 2033 1790 2104; baseline -0.001 -17"><span class='ocrx_word' id='word_1_177' title='bbox 0 2053 71 2091; x_wconf 55' lang='grc' dir='ltr'>ηπ</span> <span class='ocrx_word' id='word_1_178' title='bbox 95 2035 396 2101; x_wconf 81' lang='lat' dir='ltr'>pascantur,</span> <span class='ocrx_word' id='word_1_179' title='bbox 436 2037 488 2086; x_wconf 90' lang='lat' dir='ltr'>et</span> <span class='ocrx_word' id='word_1_180' title='bbox 528 2033 620 2102; x_wconf 88' lang='lat' dir='ltr'>qui</span> <span class='ocrx_word' id='word_1_181' title='bbox 660 2033 725 2085; x_wconf 90' lang='lat' dir='ltr'>ab</span> <span class='ocrx_word' id='word_1_182' title='bbox 767 2033 872 2087; x_wconf 86' lang='lat' dir='ltr'>alio</span> <span class='ocrx_word' id='word_1_183' title='bbox 909 2034 1047 2102; x_wconf 87' lang='lat' dir='ltr'>&lt;ad&gt;</span> <span class='ocrx_word' id='word_1_184' title='bbox 1086 2034 1249 2087; x_wconf 90' lang='lat' dir='ltr'>alium</span> <span class='ocrx_word' id='word_1_185' title='bbox 1290 2035 1463 2087; x_wconf 86' lang='lat' dir='ltr'>virum</span> <span class='ocrx_word' id='word_1_186' title='bbox 1503 2037 1790 2104; x_wconf 80' lang='lat' dir='ltr'>transeant,</span> 
     </span>
     <span class='ocr_line' id='line_1_27' title="bbox 95 2106 1788 2177; baseline 0.001 -19"><span class='ocrx_word' id='word_1_187' title='bbox 95 2106 327 2160; x_wconf 88' lang='lat' dir='ltr'>sollicita</span> <span class='ocrx_word' id='word_1_188' title='bbox 372 2125 580 2176; x_wconf 90' lang='lat' dir='ltr'>semper</span> <span class='ocrx_word' id='word_1_189' title='bbox 624 2108 739 2175; x_wconf 84' lang='lat' dir='ltr'>†ac</span> <span class='ocrx_word' id='word_1_190' title='bbox 786 2109 1071 2161; x_wconf 88' lang='lat' dir='ltr'>stationem</span> <span class='ocrx_word' id='word_1_191' title='bbox 1120 2112 1454 2176; x_wconf 80' lang='lat' dir='ltr'>quaerenteS‚</span> <span class='ocrx_word' id='word_1_192' title='bbox 1505 2109 1590 2161; x_wconf 91' lang='lat' dir='ltr'>cui</span> <span class='ocrx_word' id='word_1_193' title='bbox 1629 2109 1788 2177; x_wconf 91' lang='lat' dir='ltr'>pesti-</span> 
     </span>
     <span class='ocr_line' id='line_1_28' title="bbox 94 2181 1788 2253; baseline 0.001 -21"><span class='ocrx_word' id='word_1_194' title='bbox 94 2181 194 2233; x_wconf 88' lang='lat' dir='ltr'>feri</span> <span class='ocrx_word' id='word_1_195' title='bbox 243 2199 452 2233; x_wconf 87' lang='lat' dir='ltr'>morsus</span> <span class='ocrx_word' id='word_1_196' title='bbox 500 2181 693 2233; x_wconf 84' lang='lat' dir='ltr'>vulnus</span> <span class='ocrx_word' id='word_1_197' title='bbox 732 2181 1050 2253; x_wconf 87' lang='lat' dir='ltr'>infringant,</span> <span class='ocrx_word' id='word_1_198' title='bbox 1100 2186 1162 2235; x_wconf 97' lang='lat' dir='ltr'>ut</span> <span class='ocrx_word' id='word_1_199' title='bbox 1199 2182 1416 2236; x_wconf 84' lang='lat' dir='ltr'>nefariis</span> <span class='ocrx_word' id='word_1_200' title='bbox 1457 2200 1639 2235; x_wconf 92' lang='lat' dir='ltr'>eorum</span> <span class='ocrx_word' id='word_1_201' title='bbox 1680 2201 1788 2234; x_wconf 88' lang='lat' dir='ltr'>ma-</span> 
     </span>
    </p>
   </div>
   <div class='ocr_carea' id='block_1_3' title="bbox 97 2357 1790 2535">
    <p class='ocr_par' dir='ltr' id='par_1_3' title="bbox 97 2357 1790 2535">
     <span class='ocr_line' id='line_1_29' title="bbox 215 2357 1790 2418; baseline 0.001 -18"><span class='ocrx_word' id='word_1_202' title='bbox 215 2362 239 2400; x_wconf 86' lang='lat'>9</span> <span class='ocrx_word' id='word_1_203' title='bbox 275 2360 378 2411; x_wconf 86' lang='lat'><strong><em>175,</em></strong></span> <span class='ocrx_word' id='word_1_204' title='bbox 404 2361 462 2400; x_wconf 87' lang='lat'>17</span> <span class='ocrx_word' id='word_1_205' title='bbox 503 2360 671 2402; x_wconf 80' lang='grc' dir='ltr'><em>δεινῶν</em></span> <span class='ocrx_word' id='word_1_206' title='bbox 710 2360 890 2402; x_wconf 76' lang='grc' dir='ltr'><em>πολλῶν</em></span> <span class='ocrx_word' id='word_1_207' title='bbox 930 2357 1093 2413; x_wconf 77' lang='grc' dir='ltr'><strong><em>αἴτιος,</em></strong></span> <span class='ocrx_word' id='word_1_208' title='bbox 1132 2358 1333 2418; x_wconf 84' lang='grc' dir='ltr'><strong><em>συνοχὰς</em></strong></span> <span class='ocrx_word' id='word_1_209' title='bbox 1371 2358 1558 2416; x_wconf 79' lang='grc' dir='ltr'><em>ἐπάγων</em></span> <span class='ocrx_word' id='word_1_210' title='bbox 1596 2358 1677 2403; x_wconf 79' lang='grc' dir='ltr'>καὶ</span> <span class='ocrx_word' id='word_1_211' title='bbox 1707 2357 1790 2410; x_wconf 80' lang='grc' dir='ltr'>τὰς</span> 
     </span>
     <span class='ocr_line' id='line_1_30' title="bbox 97 2415 1789 2476; baseline 0.001 -17"><span class='ocrx_word' id='word_1_212' title='bbox 97 2415 288 2471; x_wconf 79' lang='grc' dir='ltr'><strong><em>πράξεις</em></strong></span> <span class='ocrx_word' id='word_1_213' title='bbox 318 2416 521 2471; x_wconf 77' lang='grc' dir='ltr'><em>κωλύων,</em></span> <span class='ocrx_word' id='word_1_214' title='bbox 553 2416 776 2474; x_wconf 79' lang='grc' dir='ltr'><em>διαβολάς</em></span> <span class='ocrx_word' id='word_1_215' title='bbox 806 2434 854 2462; x_wconf 87' lang='grc' dir='ltr'>τε</span> <span class='ocrx_word' id='word_1_216' title='bbox 878 2418 958 2461; x_wconf 80' lang='grc' dir='ltr'>καὶ</span> <span class='ocrx_word' id='word_1_217' title='bbox 982 2416 1265 2475; x_wconf 79' lang='grc' dir='ltr'><strong><em>κατηγορίας</em></strong></span> <span class='ocrx_word' id='word_1_218' title='bbox 1287 2417 1521 2475; x_wconf 81' lang='grc' dir='ltr'><em>παρέχων·</em></span> <span class='ocrx_word' id='word_1_219' title='bbox 1586 2419 1676 2476; x_wconf 78' lang='grc'>(17)</span> <span class='ocrx_word' id='word_1_220' title='bbox 1708 2419 1789 2462; x_wconf 77' lang='grc' dir='ltr'>καὶ</span> 
     </span>
     <span class='ocr_line' id='line_1_31' title="bbox 98 2472 1061 2535; baseline 0.003 -17"><span class='ocrx_word' id='word_1_221' title='bbox 98 2477 268 2530; x_wconf 77' lang='grc' dir='ltr'><em>μᾶλλον</em></span> <span class='ocrx_word' id='word_1_222' title='bbox 300 2476 351 2520; x_wconf 80' lang='grc' dir='ltr'>ἐν</span> <span class='ocrx_word' id='word_1_223' title='bbox 381 2474 544 2535; x_wconf 79' lang='grc' dir='ltr'><em>ἡμέρᾳ,</em></span> <span class='ocrx_word' id='word_1_224' title='bbox 578 2476 627 2520; x_wconf 78' lang='grc' dir='ltr'>ἐν</span> <span class='ocrx_word' id='word_1_225' title='bbox 659 2475 710 2520; x_wconf 78' lang='grc' dir='ltr'>δὲ</span> <span class='ocrx_word' id='word_1_226' title='bbox 744 2477 876 2521; x_wconf 82' lang='grc' dir='ltr'><em>νυκτὶ</em></span> <span class='ocrx_word' id='word_1_227' title='bbox 908 2472 1061 2531; x_wconf 81' lang='grc' dir='ltr'><em>ἧττον.</em></span> 
     </span>
    </p>
   </div>
   <div class='ocr_carea' id='block_1_4' title="bbox 97 2638 1787 2990">
    <p class='ocr_par' dir='ltr' id='par_1_4' title="bbox 97 2638 1787 2990">
     <span class='ocr_line' id='line_1_32' title="bbox 218 2638 1787 2696; baseline 0.002 -15"><span class='ocrx_word' id='word_1_228' title='bbox 218 2644 238 2682; x_wconf 91' lang='grc'>1</span> <span class='ocrx_word' id='word_1_229' title='bbox 275 2638 426 2682; x_wconf 83' lang='lat' dir='ltr'>celent</span> <span class='ocrx_word' id='word_1_230' title='bbox 458 2656 484 2682; x_wconf 84' lang='grc' dir='ltr'><strong><em>κ</em></strong></span> <span class='ocrx_word' id='word_1_231' title='bbox 515 2641 814 2684; x_wconf 76' lang='lat' dir='ltr'>consentiente</span> <span class='ocrx_word' id='word_1_232' title='bbox 845 2641 1056 2685; x_wconf 80' lang='lat' dir='ltr'>clausula</span> <span class='ocrx_word' id='word_1_233' title='bbox 1146 2645 1171 2683; x_wconf 83' lang='lat'>2</span> <span class='ocrx_word' id='word_1_234' title='bbox 1206 2640 1511 2696; x_wconf 85' lang='lat' dir='ltr'>impetratum</span> <span class='ocrx_word' id='word_1_235' title='bbox 1543 2644 1580 2682; x_wconf 81' lang='lat' dir='ltr'>A</span> <span class='ocrx_word' id='word_1_236' title='bbox 1623 2653 1787 2696; x_wconf 86' lang='lat' dir='ltr'>perpe-</span> 
     </span>
     <span class='ocr_line' id='line_1_33' title="bbox 97 2698 1786 2758; baseline 0.001 -17"><span class='ocrx_word' id='word_1_237' title='bbox 97 2698 271 2741; x_wconf 83' lang='lat' dir='ltr'>tratum</span> <span class='ocrx_word' id='word_1_238' title='bbox 304 2714 331 2740; x_wconf 80' lang='lat' dir='ltr'>a</span> <span class='ocrx_word' id='word_1_239' title='bbox 415 2703 440 2741; x_wconf 89' lang='lat'>8</span> <span class='ocrx_word' id='word_1_240' title='bbox 474 2698 679 2754; x_wconf 87' lang='lat' dir='ltr'>positum</span> <span class='ocrx_word' id='word_1_241' title='bbox 712 2701 752 2742; x_wconf 95' lang='grc' dir='ltr'><em>Δ</em></span> <span class='ocrx_word' id='word_1_242' title='bbox 839 2704 892 2742; x_wconf 92' lang='grc'>11</span> <span class='ocrx_word' id='word_1_243' title='bbox 927 2699 1139 2743; x_wconf 88' lang='lat' dir='ltr'>dolorum</span> <span class='ocrx_word' id='word_1_244' title='bbox 1172 2700 1216 2758; x_wconf 91' lang='grc' dir='ltr'>σ]</span> <span class='ocrx_word' id='word_1_245' title='bbox 1248 2700 1385 2743; x_wconf 88' lang='lat' dir='ltr'>modo</span> <span class='ocrx_word' id='word_1_246' title='bbox 1410 2699 1563 2743; x_wconf 90' lang='lat' dir='ltr'>locum</span> <span class='ocrx_word' id='word_1_247' title='bbox 1599 2699 1786 2743; x_wconf 82' lang='lat' dir='ltr'>Pmalo</span> 
     </span>
     <span class='ocr_line' id='line_1_34' title="bbox 97 2755 1758 2816; baseline 0.001 -17"><span class='ocrx_word' id='word_1_248' title='bbox 97 2755 251 2801; x_wconf 89' lang='lat' dir='ltr'>locum</span> <span class='ocrx_word' id='word_1_249' title='bbox 275 2757 481 2801; x_wconf 79' lang='lat' dir='ltr'>D²Laur.</span> <span class='ocrx_word' id='word_1_250' title='bbox 508 2756 735 2801; x_wconf 87' lang='lat' dir='ltr'>malorum</span> <span class='ocrx_word' id='word_1_251' title='bbox 757 2758 864 2801; x_wconf 76' lang='lat' dir='ltr'>D¹N</span> <span class='ocrx_word' id='word_1_252' title='bbox 888 2758 1285 2803; x_wconf 88' lang='lat' dir='ltr'>incommodorum</span> <span class='ocrx_word' id='word_1_253' title='bbox 1310 2776 1336 2802; x_wconf 81' lang='grc' dir='ltr'><strong>κ</strong></span> <span class='ocrx_word' id='word_1_254' title='bbox 1431 2763 1484 2802; x_wconf 83' lang='grc'>15</span> <span class='ocrx_word' id='word_1_255' title='bbox 1516 2761 1570 2803; x_wconf 91' lang='lat' dir='ltr'>ut</span> <span class='ocrx_word' id='word_1_256' title='bbox 1593 2759 1650 2816; x_wconf 73' lang='lat' dir='ltr'>N]</span> <span class='ocrx_word' id='word_1_257' title='bbox 1677 2761 1758 2802; x_wconf 89' lang='lat' dir='ltr'>aut</span> 
     </span>
     <span class='ocr_line' id='line_1_35' title="bbox 100 2816 1787 2875; baseline 0.001 -16"><span class='ocrx_word' id='word_1_258' title='bbox 100 2820 153 2859; x_wconf 89' lang='grc'>16</span> <span class='ocrx_word' id='word_1_259' title='bbox 186 2816 435 2860; x_wconf 85' lang='lat' dir='ltr'>traduntur</span> <span class='ocrx_word' id='word_1_260' title='bbox 470 2818 543 2867; x_wconf 89' lang='grc' dir='ltr'>ΓΙ</span> <span class='ocrx_word' id='word_1_261' title='bbox 572 2817 745 2862; x_wconf 86' lang='lat' dir='ltr'>carceri</span> <span class='ocrx_word' id='word_1_262' title='bbox 768 2817 826 2875; x_wconf 74' lang='lat' dir='ltr'>N]</span> <span class='ocrx_word' id='word_1_263' title='bbox 859 2818 1055 2861; x_wconf 82' lang='lat' dir='ltr'>carceris</span> <span class='ocrx_word' id='word_1_264' title='bbox 1080 2819 1173 2862; x_wconf 84' lang='lat' dir='ltr'>rell.</span> <span class='ocrx_word' id='word_1_265' title='bbox 1260 2823 1315 2861; x_wconf 81' lang='lat'>25</span> <span class='ocrx_word' id='word_1_266' title='bbox 1348 2817 1567 2862; x_wconf 78' lang='lat' dir='ltr'>add.1&gt;²v</span> <span class='ocrx_word' id='word_1_267' title='bbox 1652 2822 1706 2860; x_wconf 82' lang='lat'>26</span> <span class='ocrx_word' id='word_1_268' title='bbox 1733 2831 1787 2860; x_wconf 89' lang='lat' dir='ltr'>ac</span> 
     </span>
     <span class='ocr_line' id='line_1_36' title="bbox 99 2875 1786 2934; baseline 0.001 -16"><span class='ocrx_word' id='word_1_269' title='bbox 99 2875 366 2933; x_wconf 85' lang='lat' dir='ltr'>stationem]</span> <span class='ocrx_word' id='word_1_270' title='bbox 401 2876 679 2919; x_wconf 85' lang='lat' dir='ltr'>attractione</span> <span class='ocrx_word' id='word_1_271' title='bbox 712 2880 750 2918; x_wconf 71' lang='lat' dir='ltr'>N</span> <span class='ocrx_word' id='word_1_272' title='bbox 782 2876 1041 2934; x_wconf 85' lang='lat' dir='ltr'>agitatione</span> <span class='ocrx_word' id='word_1_273' title='bbox 1075 2892 1101 2921; x_wconf 89' lang='grc' dir='ltr'>σ</span> <span class='ocrx_word' id='word_1_274' title='bbox 1132 2877 1416 2934; x_wconf 87' lang='lat' dir='ltr'>cogitatione</span> <span class='ocrx_word' id='word_1_275' title='bbox 1450 2880 1473 2929; x_wconf 80' lang='grc' dir='ltr'><strong><em>ζ</em></strong></span> <span class='ocrx_word' id='word_1_276' title='bbox 1577 2881 1630 2920; x_wconf 78' lang='lat'>27</span> <span class='ocrx_word' id='word_1_277' title='bbox 1665 2876 1786 2919; x_wconf 84' lang='lat' dir='ltr'>infli-</span> 
     </span>
     <span class='ocr_line' id='line_1_37' title="bbox 99 2937 283 2990; baseline 0.005 -13"><span class='ocrx_word' id='word_1_278' title='bbox 99 2937 214 2990; x_wconf 86' lang='lat' dir='ltr'>gant</span> <span class='ocrx_word' id='word_1_279' title='bbox 245 2937 283 2978; x_wconf 92' lang='grc' dir='ltr'><em>Δ</em></span> 
     </span>
    </p>
   </div>
  </div>
 </body>
</html>
