2090 3198
251 188 362 240 324
985 187 1215 232 FIRMICI

251 329 370 362 rum
404 310 725 378 quicumque
755 308 1004 362 habuerit
1038 309 1413 379 horoscopum,
1448 309 1619 363 Marte
1650 315 1942 381 praesente,

250 386 455 452 punctu
504 384 599 436 teli
649 383 924 452 morietur,
974 383 1223 435 mulieres
1275 387 1454 435 autem
1505 384 1560 435 in
1610 388 1771 452 partu
1818 385 1942 438 defi-

249 457 405 510 cient.
472 456 536 509 In
566 461 718 526 parte
748 455 892 510 XIII.
927 455 1272 509 Geminorum
1305 459 1628 527 quicumque
1659 458 1944 512 habuerint

250 530 631 600 horoscopum,
683 531 869 583 inflato
919 535 1103 583 ventre
1135 531 1440 600 hydropici
1495 533 1801 585 morientur.
1877 532 1941 585 In

250 608 402 674 parte
441 603 585 658 XIV.
619 603 965 657 Geminorum
1007 605 1328 673 quicumque
1367 605 1654 658 habuerint
1691 606 1943 660 horosco-
1990 627 2010 661 5

249 698 395 748 pum,
426 679 597 731 Marte
636 683 930 749 praesente,
970 679 1033 731 de
1072 680 1183 731 alto
1222 680 1341 731 loco
1374 679 1511 748 lapsi
1543 681 1739 733 misera
1771 685 1942 733 morte

199 754 559 806 ssmorientur.
635 752 700 805 In
745 756 896 822 parte
942 752 1058 805 XV.
1101 752 1448 806 Geminorum
1490 755 1812 823 quicumque
1850 755 1943 807 ha-

250 827 464 880 buerint
502 827 877 896 horoscopum,
917 831 1075 879 erunt
1107 827 1442 880 balneatores
1474 829 1820 881 mediastrini.
1879 827 1942 880 In

249 905 401 970 parte
440 900 583 953 XVI.
626 900 968 954 Geminorum
1010 900 1332 970 quicumque
1371 901 1655 954 habuerint
1694 902 1943 955 horosco-

249 995 395 1044 pum,
435 979 591 1027 erunt
639 976 956 1044 pantomimi
1002 975 1094 1027 sed
1145 993 1278 1043 quos
1328 977 1623 1028 multorum
1670 977 1941 1029 amoribus
1969 999 2010 1031 ιο

249 1049 530 1119 perspicua
575 1049 919 1118 pulchritudo
967 1051 1205 1118 corporis
1254 1068 1463 1119 semper
1509 1051 1756 1102 insinuet.
1838 1049 1943 1103 Sed

251 1128 407 1175 erunt
453 1124 605 1177 molh'
650 1143 711 1178 ac
751 1123 977 1177 delicato
1019 1142 1258 1192 corpore.
1335 1122 1398 1175 In
1437 1127 1587 1193 parte
1627 1123 1799 1177 XVII.
1843 1123 1943 1178 Ge-

248 1198 516 1250 minorum
558 1198 882 1266 quicumque
921 1198 1209 1251 habuerint
1247 1197 1621 1266 horoscopum,
1651 1199 1812 1252 faciet
1851 1216 1942 1252 eos

249 1271 592 1340 pulchritudo
627 1276 679 1324 et
713 1290 996 1341 corporum
1028 1272 1342 1341 magnitudo
1382 1273 1707 1341 perspicuos,
1768 1272 1943 1325 Erunt

201 1346 229 1397 7
251 1364 376 1398 sane
408 1346 693 1398 verecundi
734 1350 787 1398 et
825 1350 1047 1415 propter
1085 1347 1188 1399 hoc
1227 1346 1382 1398 amici
1422 1364 1623 1414 regum.
1685 1345 1749 1398 In
1789 1350 1941 1414 parte
1968 1368 2009 1400 15

248 1419 446 1472 XVIII.
488 1420 832 1473 Geminorum
886 1421 1207 1489 quicumque
1246 1420 1532 1472 habuerint
1569 1421 1944 1490 horoscopum,

251 1498 405 1546 erunt
438 1494 759 1547 athletarum
785 1495 1175 1561 exercitatoreS,
1198 1495 1527 1563 palaestricis
1558 1513 1764 1563 semper
1795 1495 1943 1547 obse-

251 1569 390 1636 quiis
417 1568 669 1637 deputati.
718 1567 784 1620 In
806 1572 957 1638 parte
975 1567 1115 1620 XIX.
1137 1568 1481 1621 Geminorum
1507 1570 1828 1637 quicumque
1853 1569 1942 1620 ha-

249 1642 463 1694 buerint
494 1643 870 1711 horoscopum,
910 1643 1080 1694 Marte
1118 1646 1410 1710 praesente,
1449 1643 1591 1695 ferro
1631 1643 1941 1695 morientur.

251 1715 453 1778 Quodsi
495 1715 755 1768 Saturnus
797 1717 852 1768 in
891 1735 952 1768 ea
990 1719 1142 1785 parte
1181 1717 1365 1784 fuerit,
1404 1735 1597 1784 aquam
1635 1716 1940 1769 haurientes
1967 1738 2010 1769 20

248 1791 521 1859 perpetuis
545 1790 819 1843 laboribus
845 1791 1162 1844 deterentur.
1216 1789 1416 1852 Quodsi
1440 1791 1594 1842 Luna
1617 1790 1671 1841 in
1699 1809 1941 1859 squamo-

251 1864 323 1917 sis
349 1865 517 1935 signis
542 1865 718 1932 posita
743 1865 900 1933 plena
922 1864 1124 1916 lumine
1149 1865 1351 1916 feratur
1375 1865 1439 1916 ad
1464 1864 1705 1931 Martem,
1737 1866 1823 1917 vel
1848 1866 1942 1916 mi-

209 1937 377 1991 8nuta
408 1939 475 1990 ad
500 1937 806 2007 Saturnum,
840 1937 1197 2006 elephantiaci
1228 1939 1371 1991 fient.
1420 1937 1485 1990 In
1515 1941 1665 2007 parte
1697 1938 1811 1990 XX.
1846 1937 1942 1991 Ge-

249 2014 515 2065 minorum
543 2013 863 2080 quicumque
887 2012 1172 2064 habuerint
1195 2013 1568 2081 horoscopum,
1601 2012 1771 2065 Marte
1795 2031 1942 2081 prae-

251 2090 413 2155 sente,
444 2086 718 2138 habebunt
748 2087 936 2156 populi
969 2087 1341 2156 gubernacula,
1373 2090 1426 2139 et
1457 2087 1532 2138 eis
1561 2086 1842 2155 popularia
1866 2086 1942 2138 iu·
1965 2106 2007 2138 25

73 2172 260 2208 ίοῑ-ιοθνί
282 2161 420 2214 dicia
452 2161 742 2212 credentur.
807 2159 910 2213 Sed
947 2160 1261 2212 biothanata
1300 2164 1473 2212 morte
1507 2162 1815 2213 morientur.
1878 2159 1942 2213 In

248 2238 398 2302 parte
419 2233 560 2286 XXI.
580 2233 924 2287 Geminorum
952 2236 1274 2302 quicumque
1298 2234 1544 2287 habuerit
1569 2234 1941 2302 horoscopum,

250 2308 296 2360 si
337 2308 597 2361 Saturnus
638 2308 693 2359 in
733 2309 918 2360 eodem
950 2308 1067 2360 loco
1107 2308 1291 2377 fuerit,
1333 2312 1384 2361 et
1424 2308 1468 2361 si
1507 2308 1660 2361 Luna
1698 2309 1832 2360 bene
1871 2310 1942 2360 sit

371 2460 392 2496 1
419 2454 596 2497 horosc.
623 2454 730 2497 hab.
754 2456 800 2496 Γ
821 2456 826 2508 Ι
855 2454 1088 2509 praesenti
1113 2458 1152 2495 N
1255 2458 1279 2495 2
1307 2453 1394 2496 celi
1420 2458 1501 2495 GN
1528 2455 1535 2509 Ι
1563 2456 1720 2497 autem
1741 2454 1808 2511 Γ]
1834 2466 1939 2496 vero

251 2516 289 2555 A
407 2517 431 2555 3
458 2513 633 2556 horosc.
660 2513 766 2555 hab.
790 2515 877 2555 ΓΝ
990 2518 1016 2555 4
1041 2512 1301 2556 moriuntur
1317 2515 1356 2555 Δ
1470 2517 1495 2555 5
1519 2513 1697 2556 horosc.
1724 2512 1830 2555 hab.
1853 2515 1940 2555 FN

311 2577 336 2615 8
368 2572 638 2616 mediastini
670 2572 729 2613 D²
759 2574 815 2626 cf.
852 2573 998 2615 Marx
1031 2573 1092 2614 ad
1124 2572 1272 2615 Lucil.
1305 2575 1395 2617 512
1517 2577 1571 2614 14
1604 2571 1806 2627 corporis
1838 2574 1877 2614 Δ

253 2636 306 2674 15
334 2644 443 2674 sane
468 2645 550 2675 om.
577 2634 616 2674 Δ
742 2635 794 2673 17
821 2630 1112 2686 palaestricis
1138 2643 1317 2686 semper
1338 2631 1403 2688 Γ]
1429 2630 1814 2686 palaestricisque
1839 2633 1878 2672 Δ

255 2695 307 2732 18
333 2690 438 2733 hab.
467 2690 640 2733 horosc.
665 2691 767 2748 AN]
793 2690 969 2732 horosc.
997 2690 1102 2732 hab.
1129 2694 1247 2731 DGv
1361 2694 1415 2733 20
1441 2703 1496 2733 ea
1521 2704 1601 2733 om.
1626 2692 1673 2732 Γ
1780 2694 1833 2732 21
1862 2689 1940 2731 de-

251 2751 458 2792 terentur
490 2751 533 2805 v]
571 2750 843 2793 deteruntur
873 2748 931 2790 1>²
971 2749 1263 2792 deterrentur
1289 2751 1378 2792 ΓΔ
1511 2754 1564 2791 23
1598 2747 1880 2803 elephantici
1913 2763 1939 2789 a.

253 2810 407 2862 aptius
431 2809 492 2851 ad
517 2810 795 2862 clausulam;
818 2809 874 2861 cf.
901 2813 942 2851 et
966 2811 1066 2861 344,
1086 2821 1123 2849 11
1159 2810 1163 2862 Ι
1203 2808 1320 2850 fiunt
1352 2806 1402 2849 A'
1517 2812 1571 2849 24
1597 2807 1814 2849 habuerit
1837 2809 1877 2849 A

253 2872 308 2909 25
340 2867 534 2910 habebit
564 2871 603 2908 N
652 2870 658 2923 Ι
697 2866 774 2910 eis
808 2868 848 2924 ζ]
882 2867 924 2909 ei
974 2868 979 2920 1
1030 2866 1278 2922 popularia
1303 2866 1403 2924 GN]
1428 2865 1625 2922 pulchra
1649 2864 1752 2907 ΔΝ
1780 2869 1938 2919 (totum

253 2926 472 2969 decretum
505 2940 586 2969 om.
620 2926 695 2982 D1)
847 2930 901 2967 26
943 2925 1192 2968 creduntur
1222 2930 1261 2967 N
1412 2929 1465 2967 27
1499 2925 1676 2967 horosc.
1708 2923 1815 2967 hab.
1846 2926 1935 2967 ΓΔ

253 2990 474 3040 erumpas.
510 2988 533 3036 ζ
587 2987 591 3039 ξ
649 2985 867 3027 habuerit
898 2983 967 3041 A']
1001 2984 1252 3027 habuerint
1283 2987 1368 3026 AG
1490 2987 1545 3026 28
1579 2983 1639 3026 sit
1670 2983 1786 3026 bene
1819 2986 1858 3025 A
