2084 3192
256 119 365 173 300
988 118 1218 163 FIRMICI

254 243 359 308 tur,
398 241 566 292 totius
605 240 845 308 corporis
884 240 1112 292 formam
1143 239 1290 292 vario
1322 242 1722 310 pigmentorum
1754 257 1946 310 genere

255 315 571 366 mollientes,
648 313 723 366 Hi
763 314 993 382 demptis
1030 314 1155 382 pilis
1195 332 1388 381 corpus
1429 333 1584 366 suum
1623 316 1680 366 in
1725 314 1946 367 feminei

256 390 497 456 corporis
545 387 834 458 imaginem
881 389 1214 456 transferent,
1263 406 1491 455 quorum
1547 391 1721 439 vestes
1772 390 1826 440 et
1879 388 1946 440 ad

255 462 530 514 muliebris
573 461 746 514 cultus
787 461 1194 514 similitudinem
1227 462 1551 514 excolantur.
1606 461 1680 514 Hi
1711 462 1945 514 molliter

254 535 588 588 ambulantes
642 535 870 606 vestigia
917 554 1011 588 sua
1059 553 1179 588 cum
1227 535 1451 588 delicata
1496 536 1722 604 quadam
1768 535 1945 588 mode·
1991 556 2011 588 5

202 609 459 662 3ratione
491 610 834 678 suspendunt.
899 609 1003 662 Sed
1032 609 1132 662 hos
1166 610 1388 662 ambitio
1423 610 1690 678 sollicitat,
1724 613 1777 661 et
1807 628 1946 662 mor-

208 743 212 746 ,
252 684 381 735 bum
422 683 585 736 istum
625 683 702 736 sic
741 687 1015 752 appetunt,
1053 687 1115 735 ut
1154 683 1281 737 hinc
1319 687 1509 753 putent
1548 683 1802 735 virtutem
1843 683 1946 736 sibi

253 761 307 809 et
353 758 649 810 maximum
696 758 950 828 gaudium
998 757 1273 810 felicitatis
1330 758 1588 810 accedere.
1667 756 1946 810 Amabunt

254 849 463 900 semper
516 834 610 883 aut
665 850 719 883 se
774 850 949 884 amare
1004 832 1346 898 simulabunt,
1403 835 1456 885 et
1508 831 1805 901 paenitebit
1854 849 1944 884 eos

254 906 398 974 quod
443 905 547 957 viri
597 906 711 958 nati
761 906 882 958 sint
959 905 1118 958 Hunc
1171 906 1347 958 locum
1398 907 1443 958 si
1488 905 1740 958 malivola
1790 908 1945 958 stella
1969 925 2011 957 ιο

251 979 380 1031 forti
426 980 721 1032 radiatione
767 980 1074 1048 pulsaverit,
1120 980 1414 1048 repentinis
1462 979 1805 1032 caecitatibus
1853 997 1946 1048 op-

67 1070 134 1108 soz.
146 1065 264 1100 104221
284 1054 599 1121 primuntur.
679 1052 1056 1106 Occidentibus
1103 1053 1378 1106 Pliadibus
1426 1054 1480 1106 id
1527 1058 1608 1105 est
1653 1052 1745 1106 VI.
1792 1057 1945 1122 parte

199 1127 414 1179 4Tauri
461 1127 506 1178 si
553 1146 584 1179 a
628 1127 897 1180 malivolis
944 1128 1075 1180 haec
1123 1146 1248 1196 pais
1287 1129 1492 1180 iadiata
1531 1128 1708 1196 fuerit,
1754 1127 1812 1179 hi
1853 1128 1945 1196 qui

251 1202 366 1253 nati
418 1202 618 1254 fuerint
670 1202 951 1271 naufragio
1006 1203 1270 1270 peribunt.
1360 1201 1513 1264 Quod
1567 1203 1612 1253 si
1666 1201 1943 1255 benivolae

254 1275 414 1328 simul
461 1294 580 1328 cum
627 1276 893 1328 malivolis
939 1275 1083 1328 hunc
1121 1276 1341 1328 eundem
1384 1278 1563 1328 locum
1603 1279 1828 1345 aequata
1865 1295 1943 1327 ra-
1969 1294 2010 1326 15

254 1349 490 1402 diatione
529 1350 876 1419 respexerint,
919 1354 1011 1402 aut
1051 1368 1115 1402 ex
1154 1368 1377 1403 venerea
1415 1352 1707 1418 voluptate,
1746 1354 1838 1402 aut
1879 1368 1944 1402 ex

252 1423 419 1476 nimio
468 1424 587 1476 cibo
635 1423 775 1476 inter
821 1424 1004 1493 epulas
1052 1427 1104 1476 et
1142 1425 1338 1493 pocula
1375 1424 1488 1476 sine
1528 1425 1710 1492 aliqua
1747 1423 1944 1476 lamen—

201 1496 456 1551 5tatione
502 1515 646 1550 mors
694 1499 803 1551 illis
843 1516 1064 1550 amoena
1109 1499 1401 1567 proveniet.
1477 1498 1541 1551 In
1587 1499 1805 1551 fissione
1851 1517 1943 1550 un-

253 1573 411 1640 gulae
441 1571 602 1623 Tauri
642 1573 686 1624 si
724 1572 888 1625 fuerit
925 1572 1271 1641 horoscopUS,
1314 1577 1366 1624 et
1404 1591 1511 1624 una
1542 1573 1685 1625 hunc
1717 1573 1942 1624 eundem

250 1645 429 1698 locum
489 1645 766 1699 benivolae
820 1649 874 1698 et
919 1646 1201 1699 malivolae
1255 1648 1455 1715 pariter
1501 1652 1725 1715 aequata
1775 1646 1941 1699 radia·
1967 1665 2010 1696 20

252 1720 399 1772 tione
438 1719 782 1788 respexerint,
820 1720 1083 1789 pictorem
1123 1720 1321 1773 facient
1362 1721 1453 1772 sed
1494 1739 1652 1789 quem
1690 1719 1794 1773 hoc
1833 1723 1942 1772 stu-

253 1794 400 1845 dium
440 1794 646 1846 famoso
678 1793 882 1846 honore
913 1794 1178 1848 nobilitet.
1236 1793 1292 1846 Si
1324 1812 1450 1846 vero
1485 1795 1598 1846 sine
1630 1794 1941 1847 testimonio

253 1867 622 1920 benivolarum
663 1870 935 1921 stellarum
974 1868 1118 1920 hunc
1149 1869 1326 1920 locum
1358 1869 1639 1921 malivolae
1672 1868 1814 1921 solae
1845 1869 1942 1920 mi-

251 1942 372 1995 naci
395 1942 690 1994 radiatione
713 1943 1058 2011 respexerint,
1083 1943 1404 2012 gladiatores
1425 1942 1617 1995 famosi
1641 1946 1941 2011 nascentur,

254 2015 345 2068 sed
386 2015 478 2083 qui
517 2019 643 2084 post
673 2016 869 2069 multas
902 2018 1105 2084 palmas
1138 2016 1657 2085 innumerabilesque
1689 2016 1939 2068 victorias
1966 2034 2007 2065 25

251 2090 308 2141 in
347 2089 451 2141 isto
491 2107 792 2158 pugnarum
839 2090 1017 2142 studio
1064 2091 1256 2142 minaci
1298 2090 1475 2160 gladio
1515 2092 1705 2160 (cum)
1746 2109 1940 2160 magno

253 2165 609 2232 spectantium
649 2164 840 2233 plausu
880 2183 942 2218 ac
981 2164 1162 2217 favore
1202 2165 1510 2217 moriantur.

373 2358 395 2396 1
421 2352 571 2396 forma
594 2367 707 2398 corr.
733 2369 760 2396 a.
875 2358 899 2396 2
924 2354 1167 2398 molientes
1193 2357 1233 2397 A
1285 2356 1290 2411 Ι
1339 2354 1390 2397 hi
1417 2355 1483 2412 Γ]
1510 2356 1557 2397 et
1580 2356 1620 2397 Δ
1737 2358 1772 2396 3
1787 2355 1939 2396 trans-

251 2411 406 2455 ferant
436 2414 475 2455 Δ
528 2415 534 2468 Ι
585 2418 689 2456 ante
720 2427 915 2468 quorum
947 2414 1126 2457 videtur
1156 2415 1371 2458 excidisse
1403 2414 1606 2469 alzquid;
1640 2415 1686 2456 et
1718 2427 1792 2468 qu
1824 2414 1938 2456 vest.

254 2471 314 2512 ad
346 2488 372 2513 κ
430 2473 435 2526 Ι
495 2473 542 2514 et
573 2486 654 2515 om.
689 2474 728 2514 Δ
872 2477 899 2514 4
934 2473 1206 2515 excoluntur
1236 2486 1348 2517 corr.
1381 2477 1420 2514 N
1564 2478 1588 2515 5
1621 2485 1704 2515 sua
1736 2486 1818 2516 om.
1852 2473 1892 2514 A
1931 2471 1934 2529 Ι

253 2529 503 2573 debilitata
534 2534 570 2571 A
611 2529 791 2574 delecta
822 2537 856 2573 D
980 2536 1004 2574 6
1038 2531 1233 2575 ambitio
1266 2532 1430 2590 <ista>
1464 2545 1489 2574 σ
1611 2535 1664 2574 10
1698 2532 1807 2574 sunt
1837 2533 1877 2573 A

254 2593 306 2631 11
340 2589 456 2644 puls.
491 2588 602 2631 forti
634 2589 731 2632 rad.
757 2591 797 2632 A
923 2595 974 2632 12
1008 2590 1271 2645 pleiadibus
1299 2596 1332 2633 G
1389 2593 1394 2646 Ι
1451 2590 1528 2633 VI.
1559 2592 1692 2645 parte
1725 2589 1865 2632 Tauri
1899 2588 1938 2632 si

256 2648 321 2704 Γ]
357 2648 395 2690 si
428 2648 475 2690 in
500 2647 597 2691 VII.
623 2649 716 2691 sint
747 2648 806 2691 ab
837 2648 1092 2707 horoscopo
1117 2649 1217 2693 loco
1244 2652 1291 2693 et
1322 2653 1361 2693 A
1486 2654 1540 2692 13
1572 2649 1679 2692 mal.
1713 2647 1937 2707 (stellis)

251 2721 280 2748 v
403 2712 456 2750 18
489 2707 728 2762 perveniet
760 2710 799 2750 A
852 2709 858 2763 Ι
908 2708 1076 2750 fixione
1105 2711 1151 2752 Γ
1268 2713 1320 2752 19
1354 2710 1401 2751 et
1431 2722 1524 2751 una
1556 2709 1602 2765 κ]
1636 2709 1717 2750 aut
1749 2707 1879 2749 Luna

253 2769 306 2807 21
333 2765 514 2808 faciunt
538 2765 590 2807 A'
711 2771 764 2808 23
792 2766 916 2810 solae
941 2767 1188 2811 malivolae
1214 2770 1254 2810 A
1378 2772 1433 2810 24
1458 2766 1625 2810 famosi
1649 2766 1937 2823 gladiatores

253 2826 291 2866 A
416 2829 471 2867 26
504 2825 609 2868 add.
636 2840 663 2867 a.
699 2863 705 2870 .
