2090 3198
807 107 913 153 V111
947 113 1015 162 13,
1041 113 1193 163 2-15‚
1220 121 1251 152 2.
1768 107 1876 161 309

187 235 271 283 tos
320 230 518 283 catenis
567 248 687 282 cum
734 229 942 282 miseris
990 228 1312 281 cruciatibus
1368 228 1599 281 interire.
1675 226 1740 280 In
1787 227 1876 279 Sa·
1895 229 1929 281 3

186 305 392 375 gittarii
438 307 591 373 parte
628 303 690 356 X.
732 303 904 355 oritur
945 301 1212 372 Cygnus,
1289 301 1408 354 Hoc
1455 301 1626 355 sidere
1674 301 1878 354 oriente

190 379 283 447 qui
322 381 480 431 natus
519 377 700 445 fuerit,
739 379 831 429 aut
870 394 994 429 aves
1034 378 1222 446 capiet,
1261 380 1354 428 aut
1385 394 1507 428 aves
1539 375 1878 444 mercabitur,

188 456 281 505 aut
320 451 597 523 ingenioso
639 451 817 504 studio
859 451 1046 503 avibus
1083 450 1348 503 humanae
1387 467 1577 502 sonum
1616 451 1762 503 vocis
1802 450 1880 502 in-

142 547 162 580 5
190 527 382 595 sinuat,
432 529 526 578 aut
577 524 861 595 palumbos
913 523 1151 578 studiose
1205 525 1420 577 nutriet.
1500 522 1556 576 Si
1604 542 1728 576 vero
1777 525 1879 577 hoc

188 601 333 653 sidus
380 601 437 653 in
484 617 674 652 occasu
720 597 883 652 fuerit
928 599 1223 662 inventum,
1272 598 1397 650 dum
1443 597 1545 650 sibi
1586 615 1651 650 ex
1689 597 1878 650 alienis

187 674 465 742 praesidiis
495 677 687 742 parant
719 672 959 726 subsidia
989 671 1323 741 facultatum,
1355 672 1420 724 ab
1444 671 1879 741 hostibuscapti-

186 749 368 802 vitatis
409 766 568 802 onere
608 746 990 816 deprimuntur,
1031 749 1123 799 aut
1154 749 1377 815 propter
1408 745 1702 815 spoliorum
1734 746 1880 799 furta

186 822 401 891 publica
440 821 895 874 animadversione
934 821 1256 890 plectuntur.

120 991 163 1023 10
666 968 782 1020 XV.
825 966 1400 1038 [OAPRICORNUS]

296 1073 359 1126 In
413 1072 601 1141 primis
655 1071 900 1141 partibus
957 1071 1268 1141 Capricorni
1323 1071 1494 1125 oritur
1551 1070 1928 1124 OfiuchuS.l

187 1146 307 1199 Hoc
353 1147 526 1200 sidere
573 1148 776 1199 oriente
825 1146 918 1214 qui
962 1146 1076 1198 nati
1121 1146 1336 1215 fuerint,
1387 1148 1543 1198 erunt
1582 1145 1748 1198 Marsi
1788 1145 1881 1213 qui

186 1221 468 1290 pestiferos
508 1239 708 1292 angues
749 1221 939 1289 sopitis
981 1238 1042 1272 ac
1082 1220 1342 1291 mitigatis
1383 1219 1578 1272 aculeis
1615 1220 1878 1289 mitigent.
1937 1249 1940 1251 <

189 1294 245 1348 Si
285 1314 410 1348 vero
450 1295 554 1348 hoc
594 1295 739 1347 sidus
780 1294 837 1346 in
877 1312 1066 1347 occasu
1106 1294 1270 1347 fuerit
1308 1295 1599 1362 inventum,
1647 1298 1700 1346 et
1737 1294 1881 1346 hunc

120 1391 161 1423 15
186 1369 365 1422 locum
403 1389 428 1418 20<
448 1389 474 1418 *
494 1389 520 1416 *
554 1386 886 1438 quacumque
917 1368 1213 1421 radiatione
1245 1369 1552 1437 respexerit,
1590 1369 1910 1423 venenatifol-
1925 1379 2062 1414 10⁶rll

188 1443 447 1513 serpentis
502 1443 614 1497 ictu
665 1443 981 1495 moriuntur.
1059 1441 1122 1494 In
1176 1446 1327 1512 parte
1374 1441 1519 1495 VIII.
1569 1441 1880 1511 Capricorni
1898 1443 1932 1494 2

186 1518 357 1570 oritur
389 1517 703 1570 Delfinus.
786 1515 1120 1585 Quicumque
1150 1516 1255 1570 hoc
1286 1517 1455 1569 sidere
1489 1517 1691 1569 oriente
1722 1522 1880 1569 natus

185 1593 361 1659 fuerit,
399 1591 617 1644 habebit
655 1591 873 1643 natandi
914 1591 1167 1661 studium,
1199 1592 1291 1644 sed
1324 1609 1444 1644 cum
1480 1589 1696 1644 Saturni
1734 1591 1882 1643 testi-

186 1666 368 1719 monio
408 1665 649 1718 urinator
689 1665 804 1734 erit,
845 1683 964 1718 cum
1003 1665 1192 1718 Martis
1234 1684 1358 1718 vero
1400 1669 1454 1718 et
1494 1664 1749 1718 Mercurii
1795 1684 1881 1733 pe-

120 1761 162 1794 20
186 1739 499 1792 taminarios
555 1739 890 1792 efelmatores
945 1740 1426 1808 orchestopalarios
1475 1740 1882 1807 petauristarios

188 1818 280 1866 aut
321 1816 460 1866 certe
499 1817 690 1866 nautas
731 1832 915 1866 cursus
964 1813 1205 1882 agilitate
1248 1814 1575 1882 perspicuos.
1655 1812 1712 1865 Si
1754 1831 1880 1865 vero

310 1964 330 2001 1
367 1959 731 2003 cruciationibus
757 1964 794 2001 A
827 1959 1146 2003 curationibus
1173 1964 1207 2001 G
1257 1962 1262 2015 i
1319 1959 1369 2001 in
1393 1973 1476 2003 om.
1507 1961 1554 2003 Γ
1604 1962 1609 2015 Ι
1667 1961 1800 2015 parte
1825 1958 1879 2002 X.

189 2018 293 2074 Sag.
328 2021 367 2062 Δ
502 2023 527 2061 2
559 2018 636 2076 Χ.]
670 2018 809 2063 ΧΧΧ.
844 2019 1015 2062 Manil.
1050 2022 1143 2062 366
1175 2021 1263 2074 (ter
1295 2019 1506 2073 decuma)
1639 2023 1665 2061 5
1698 2017 1878 2074 palum-

186 2077 270 2121 bos
307 2078 410 2135 ΓΒ]
451 2077 691 2123 columbas
722 2082 760 2119 N
883 2082 905 2120 7
939 2077 1206 2136 praesidiis]
1246 2077 1452 2133 praediis
1484 2093 1550 2120 va
1607 2080 1612 2134 Ι
1671 2077 1879 2120 subsidia

192 2138 257 2194 Γ]
291 2135 528 2192 praesidia
553 2139 591 2179 Δ
715 2141 741 2179 8
774 2138 963 2192 propter
987 2136 1139 2192 spolia
1173 2137 1345 2193 (studia
1368 2139 1420 2191 A)
1455 2139 1536 2180 aut
1561 2138 1752 2193 propter
1776 2150 1879 2192 spo-

188 2195 355 2239 liorum
384 2198 430 2239 Γ
481 2199 486 2251 Ι
546 2194 800 2251 spoliarum
832 2201 867 2237 Ι)
991 2200 1045 2239 10
1079 2197 1238 2240 lemma
1270 2210 1353 2240 om.
1379 2201 1414 2238 D
1450 2195 1517 2239 De
1543 2195 1816 2251 Kophiocho
1841 2200 1880 2237 N

250 2260 300 2298 11
336 2256 382 2298 in
417 2269 500 2298 om.
527 2257 565 2298 A
625 2257 630 2309 1
690 2254 822 2310 Capr.
855 2254 1010 2310 prima
1041 2258 1176 2310 parte
1207 2258 1246 2298 Δ
1282 2256 1550 2311 (pluraliter
1572 2255 1737 2308 Firm.,
1769 2257 1879 2311 qnia

187 2319 352 2358 certam
376 2319 554 2370 partem
587 2328 680 2358 non
711 2315 842 2358 habet
867 2314 1100 2358 Manilius
1125 2316 1307 2370 390sq.)
1366 2316 1371 2370 Ι
1430 2314 1674 2358 Rofiuutus
1707 2318 1743 2356 A
1789 2314 1879 2357 Ko-

188 2373 350 2416 fiulcus
385 2377 418 2414 G
456 2372 757 2428 Kophiochus
790 2375 829 2416 A
873 2372 1140 2428 Ophioehus
1172 2373 1231 2416 D²
1354 2379 1406 2417 12
1440 2373 1590 2416 sidere
1623 2388 1704 2418 om.
1732 2375 1817 2415 ΑΔ

191 2437 245 2474 14
278 2432 401 2475 Mars
434 2437 534 2486 post
564 2434 611 2475 et
642 2433 694 2475 in
723 2438 838 2488 spat.
871 2446 965 2476 vac.
1000 2433 1104 2476 add.
1132 2432 1191 2475 1³²
1222 2433 1494 2489 (malevolae
1528 2432 1691 2476 stellae
1724 2448 1751 2475 a
1774 2437 1880 2488 post

188 2491 442 2547 respexerit
467 2492 548 2535 lac.
574 2492 675 2535 hab.
701 2494 754 2546 A)
871 2496 924 2534 15
948 2492 1236 2548 respexerint
1260 2497 1294 2534 G
1324 2492 1528 2549 respexit
1551 2497 1586 2534 D
1710 2496 1762 2534 17
1790 2491 1879 2534 ori-

189 2552 294 2593 ente
326 2564 409 2594 om.
436 2552 476 2592 A
617 2556 669 2594 19
702 2550 1011 2606 petaminario
1045 2551 1214 2607 (-norio
1247 2554 1302 2607 N)
1335 2566 1383 2595 se
1416 2554 1454 2594 A
1601 2554 1656 2593 20
1690 2549 1879 2593 efelma-

187 2610 330 2667 tores]
363 2608 646 2652 efelmatoris
676 2612 722 2652 Γ
754 2609 1010 2653 felmatoris
1042 2615 1081 2652 N
1123 2610 1361 2654 felinatori
1393 2615 1428 2653 D
1461 2609 1632 2667 (efalm.
1659 2611 1699 2666 σ)
1751 2612 1757 2664 Ι
1808 2623 1879 2652 or-

189 2667 572 2725 chestopalarios]
617 2668 989 2724 ortistopalarios
1021 2672 1058 2711 A
1104 2669 1466 2726 ortistopalados
1499 2674 1534 2711 G
1580 2668 1878 2723 soristopala·

187 2727 280 2770 rios
312 2732 348 2769 D
395 2727 794 2783 sorcistopalarios
824 2732 863 2769 N
902 2728 958 2782 cf.
995 2728 1149 2773 CGZL.
1184 2730 1276 2772 III
1302 2732 1406 2782 302,
1431 2732 1491 2772 46
1642 2732 1694 2769 21
1733 2729 1878 2770 nauta

188 2791 353 2828 DGNv
384 2800 495 2830 corr.
530 2786 609 2844 κσ]
654 2789 826 2829 nancta
857 2790 894 2828 A
940 2787 1103 2830 innata
1135 2804 1162 2830 a
1220 2792 1224 2841 Ι
1282 2788 1549 2843 perspicuos
1582 2787 1665 2844 κσ]
1697 2786 1878 2842 perspi-

189 2859 300 2888 cuus
334 2845 778 2902 (subintelleglendum
801 2851 883 2889 aut
905 2848 1207 2902 supplendum
1239 2846 1406 2901 faciet;
1437 2847 1741 2907 nominativos
1771 2847 1876 2901 leqz'-

189 2906 319 2948 timos
348 2905 545 2948 restituit
576 2906 619 2960 a)
