2066 3192
807 146 848 190 V
878 146 1130 203 praefi—1,
1155 160 1187 191 1.
1798 146 1832 198 3

143 268 400 334 videatur,
433 267 500 319 ad
532 267 676 336 quod
708 267 1010 320 Romanum
1044 284 1154 319 non
1194 266 1512 319 adfectasset
1542 268 1832 338 ingenium.

144 340 367 410 Vosque
418 341 733 410 perennium
784 340 1016 394 siderum
1068 358 1269 408 cursus,
1323 340 1475 393 Luna
1525 341 1687 393 etiam
1737 341 1833 394 hu-
1858 339 1892 392 5

143 434 422 468 manorum
469 433 752 485 corporum
792 418 984 485 mater,
1025 419 1079 468 et
1124 418 1184 468 tu
1233 432 1264 467 0
1313 415 1553 467 omnium
1600 415 1832 468 siderum

143 489 409 559 princePS‚
456 490 549 558 qui
596 490 882 543 menstruis
916 488 1099 542 Lunae
1139 489 1383 542 cursibus
1421 489 1605 542 lumen
1643 488 1834 541 adimis

99 586 119 619 ⁵
143 565 345 632 pariter
383 567 437 616 et
476 563 667 632 reddiS,
709 563 803 616 Sol
842 565 1042 633 optime
1074 563 1305 616 maxime
1339 564 1431 631 qui
1463 563 1642 616 omnia
1676 582 1836 632 super

144 637 322 691 omnia
367 656 463 707 per
509 638 620 691 dies
667 637 907 709 singulos
957 637 1254 690 maiestatis
1300 641 1423 689 tuae
1472 638 1835 694 moderatione

143 713 417 781 conponiS,
471 730 565 781 per
624 730 782 782 quem
845 713 1049 765 cunctis
1113 712 1473 764 animantibus
1534 711 1834 765 inmortalis

143 787 320 839 anima
366 786 546 839 divina
594 786 945 856 dispositione
993 786 1264 855 dividitur,
1313 787 1405 855 qui
1455 787 1600 839 solus
1647 787 1834 839 ianuas

143 861 316 929 aperis
357 860 495 914 sedis
536 879 809 930 supernae,
840 861 906 914 ad
938 862 1088 914 cuius
1120 860 1402 913 arbitrium
1434 861 1670 913 fatorum
1703 861 1832 914 ordo

77 958 120 990 ιο
143 935 467 1010 disponitur:
524 935 590 987 da
621 936 830 988 veniam
865 936 1011 1004 quod
1042 935 1258 1006 gracilis
1292 953 1464 988 sermo
1498 935 1564 988 ad
1597 936 1834 988 numinis
1860 935 1892 988 6

142 1009 223 1062 tui
270 1013 472 1062 secreta
526 1011 793 1079 pervenit3
846 1028 958 1063 non
1003 1029 1102 1064 nos
1150 1010 1408 1080 sacrilega
1455 1009 1721 1079 cupiditas
1769 1010 1836 1062 ad

141 1083 243 1136 hoc
290 1084 529 1136 studium
576 1087 670 1137 aut
717 1084 971 1153 profanae
1017 1085 1213 1137 mentis
1262 1085 1420 1136 ardor
1465 1084 1696 1155 inpegit,
1744 1085 1836 1137 sed

142 1157 351 1210 animus
408 1158 588 1211 divina
641 1158 996 1228 inspiratione
1056 1158 1318 1212 formatus
1376 1161 1551 1211 totum
1614 1162 1836 1212 conatus

142 1236 223 1284 est
273 1233 419 1301 quod
459 1233 715 1286 didicerat
764 1233 1042 1303 explicare,
1082 1236 1143 1285 ut
1183 1232 1439 1302 quicquid
1488 1232 1691 1286 divini
1735 1252 1835 1286 ve-

75 1329 116 1363 15
141 1311 310 1359 teres
365 1325 430 1359 ex
483 1307 770 1378 Aegyptiis
825 1307 999 1375 adytis
1053 1309 1416 1377 protulerunt,
1463 1307 1529 1359 ad
1580 1307 1835 1377 Tarpeiae

140 1381 290 1450 rupis
323 1382 524 1450 templa
554 1382 826 1451 perferret.
886 1381 1068 1435 Vestri
1101 1383 1283 1451 itaque
1317 1383 1437 1435 date
1470 1381 1605 1434 mihi
1639 1381 1835 1435 decreti

140 1455 480 1524 praesidium,
528 1459 581 1509 et
635 1456 1046 1525 trepidationem
1102 1457 1268 1511 animi
1324 1459 1502 1510 vestra
1556 1456 1835 1509 maiestate

142 1530 364 1598 firmate,
394 1549 460 1583 ne
491 1530 728 1584 numinis
768 1531 933 1583 vestri
964 1531 1230 1600 praesidio
1265 1530 1554 1584 destitutus
1592 1530 1833 1583 ordinem

139 1622 249 1657 non
288 1605 489 1673 possim
529 1605 781 1674 promissi
821 1606 997 1674 operis
1037 1605 1290 1659 invenire,

75 1804 118 1837 20
616 1781 656 1835 Ι.
720 1782 840 1853 [DE
882 1781 1349 1853 HOROSGOPO]
1830 1816 1896 1854 soh
1906 1811 1997 1846 5501

253 1886 470 1939 Habent
509 1887 671 1940 etiam
710 1887 944 1940 Mavorti
981 1888 1139 1940 decus
1171 1891 1434 1955 nostrum,
1464 1888 1688 1958 (signa)
1722 1886 1835 1940 sine
1864 1890 1890 1940 1

141 1960 366 2014 alicuius
399 1961 583 2014 stellae
614 1962 918 2030 praesentia
950 1980 1015 2014 ex
1045 1966 1236 2014 natura
1262 1980 1357 2015 sua
1381 1961 1696 2015 decernendi
1728 1980 1835 2014 ma-

141 2034 340 2087 ximam
371 2039 709 2105 potestatem,
746 2039 798 2088 et
830 2037 1015 2088 multis
1047 2036 1105 2088 in
1136 2037 1399 2106 genituris
1433 2039 1684 2104 operatur
1719 2036 1836 2104 ipsa

143 2108 418 2179 signorum
456 2110 600 2162 nuda
639 2110 949 2163 substantia.
1022 2109 1126 2162 Sed
1165 2110 1296 2162 haec
1339 2110 1576 2162 efficacia
1615 2111 1670 2162 in
1704 2111 1834 2162 solis

78 2205 118 2237 25
144 2183 448 2236 cardinibus
480 2184 762 2236 invenitur.
820 2183 1071 2237 Cardines
1095 2185 1310 2253 (enim)
1336 2185 1496 2236 etiam
1529 2185 1575 2236 si
1606 2184 1735 2236 nudi
1768 2184 1833 2236 ab

144 2257 417 2310 stellarum
450 2258 772 2311 testimoniis
797 2258 1183 2327 relinquantur,
1215 2277 1280 2311 ex
1313 2277 1408 2311 sua
1438 2262 1630 2311 natura
1662 2258 1835 2310 decer-

142 2331 300 2383 nendi
350 2332 619 2400 accipiunt
670 2335 1007 2401 potestatem.
1080 2331 1234 2396 Quod
1281 2335 1341 2385 ut
1381 2332 1718 2385 manifestius
1758 2334 1836 2385 in-

144 2406 383 2477 teHegaS,
423 2406 592 2475 ipsius
632 2406 858 2460 rationis
898 2407 1214 2460 auctoritate
1254 2406 1581 2460 monstrabo.

264 2540 288 2579 3
322 2550 348 2580 ο
381 2550 463 2581 om.
489 2542 572 2580 DN
603 2538 768 2582 horum
795 2542 823 2580 c
966 2543 993 2581 4
1027 2538 1236 2582 cursibus
1269 2538 1429 2581 Lunae
1458 2539 1504 2581 Γ
1636 2542 1660 2580 5
1695 2551 1836 2593 super

146 2595 302 2638 omnia
325 2602 577 2652 suspectum
663 2601 686 2639 7
715 2596 997 2640 animalibus
1023 2601 1144 2640 onE
1238 2601 1262 2640 9
1290 2596 1413 2641 sedis
1438 2596 1483 2639 in
1511 2609 1713 2653 perenne
1734 2599 1773 2640 Δ

148 2658 199 2697 11
235 2655 294 2698 ad
319 2654 407 2698 hoc
432 2658 487 2698 st.
516 2670 630 2700 sacr.
657 2670 760 2712 cup.
792 2658 837 2699 Γ
907 2660 960 2699 13
994 2656 1203 2700 firmatus
1235 2658 1286 2710 Γ,
1311 2658 1368 2711 ef.
1388 2657 1450 2700 ad
1473 2657 1527 2700 de
1550 2670 1634 2700 err.
1651 2659 1776 2709 2:22

148 2717 202 2756 14
232 2714 305 2772 ut]
339 2715 387 2758 et
415 2719 492 2757 Nv
617 2720 670 2758 16
702 2716 929 2771 perferret
961 2719 1117 2758 CDEv
1148 2715 1407 2772 perferrent
1446 2717 1490 2758 Γ
1524 2715 1728 2771 perferre
1759 2719 1798 2756 N
1827 2716 1830 2772 Ι

146 2773 346 2816 vestrum
373 2800 427 2805 —
454 2773 655 2828 decreta,
688 2789 798 2819 corr.
826 2791 854 2818 κ
890 2775 893 2832 ξ
930 2774 1047 2817 mihi
1081 2774 1189 2818 date
1218 2777 1264 2818 Γ
1375 2779 1427 2817 18
1461 2774 1642 2817 firmate
1669 2774 1711 2832 σ]
1743 2773 1834 2817 for-

146 2833 270 2876 mate
363 2837 415 2875 19
443 2833 615 2892 operis]
633 2833 809 2877 ordinis
833 2838 961 2876 BEN
1053 2838 1109 2877 20
1135 2835 1293 2878 lemma
1317 2849 1400 2878 om.
1419 2837 1495 2875 Ην
1595 2839 1648 2877 21
1676 2834 1782 2877 add.
1811 2847 1836 2876 σ

147 2890 306 2945 (habet
337 2893 380 2947 a)
502 2897 556 2936 25
598 2893 720 2936 enim
761 2894 865 2937 add.
899 2908 926 2935 a
969 2892 973 2950 1
1019 2892 1057 2936 si
1096 2893 1209 2936 nudi
1251 2893 1308 2936 ab
1347 2891 1587 2936 stellarum
1619 2893 1695 2950 κζ]
1735 2892 1834 2935 sine

148 2948 344 2992 duarum
376 2949 618 2995 stellarum
648 2953 693 2994 Γ
719 2951 818 2994 sine
852 2951 940 2994 diis
974 2950 1033 2995 ab
1066 2951 1146 3007 (du
1179 2952 1239 2995 ab
1265 2955 1310 3008 c)
1343 2950 1461 2995 stell.
1490 2953 1528 2994 Δ

1513 3023 1568 3065 1*
