2090 3198
242 164 352 217 360
973 164 1202 209 FIRMICI

242 289 536 339 consecuta.
609 285 853 338 Gaudent
883 288 1061 338 autem
1102 287 1286 338 stellae
1326 286 1465 338 sicut
1502 286 1927 355 frequentissime

243 359 492 428 diximUS,
531 361 771 428 principe
811 360 866 412 in
905 360 1023 412 loco
1064 361 1120 412 in
1159 359 1441 414 altitudine
1473 379 1568 413 sua
1598 359 1819 429 positae,
1851 379 1928 414 se-

245 435 417 487 cundo
471 434 590 487 loco
645 435 702 486 in
756 434 952 487 finibus
1008 435 1133 503 suiS,
1186 435 1346 488 tertio
1399 435 1455 487 in
1505 434 1752 487 domibus
1803 434 1926 487 suis,

192 508 226 561 3
245 508 378 560 Cum
418 508 598 576 itaque
638 508 817 561 omnia
854 508 1053 561 fuerint
1085 508 1207 578 [ita]
1239 509 1420 577 partili
1452 509 1659 561 ratione
1691 510 1929 578 collecta,

243 586 415 634 totum
457 582 709 635 debemus
750 583 1025 653 geniturae
1065 601 1258 652 corpus
1290 583 1566 652 inspicere,
1598 586 1660 635 ut
1691 583 1803 635 fata
1833 582 1927 636 ho·
1973 605 1992 638 5

244 655 447 708 minum
495 676 559 708 ex
607 657 845 709 omnium
886 659 1160 710 stellarum
1201 657 1555 726 potestatibus
1599 658 1931 727 colligenteS‚

210 757 214 760 ·
243 730 497 799 quicquid
538 731 806 784 decretum
839 731 1015 801 fuerit,
1047 731 1187 784 veris
1218 732 1487 801 possimus
1519 731 1784 800 explicare
1816 750 1930 784 sen-

242 805 439 857 tentiis

962 937 1210 992 XXXIII.

195 1042 219 1094 1
353 1041 553 1112 Accipe
607 1043 788 1111 itaque
834 1042 1066 1096 Mavorti
1114 1043 1272 1097 decus
1320 1046 1578 1111 nostrum,
1633 1044 1775 1113 quod
1826 1045 1926 1096 tibi
1954 1067 1996 1098 ιο

242 1136 363 1171 cum
419 1136 626 1170 summa
679 1118 843 1170 animi
898 1117 1255 1187 trepidatione
1309 1118 1668 1186 promisimuS‚
1725 1122 1927 1187 septem

242 1193 341 1244 hos
380 1191 547 1243 libros
589 1191 653 1244 ad
694 1195 899 1261 septem
940 1195 1216 1245 stellarum
1257 1192 1495 1244 ordinem
1539 1211 1928 1262 numerumque

244 1265 563 1334 conpositos,
626 1265 768 1332 Nam
807 1266 1013 1335 primus
1053 1266 1193 1319 liber
1233 1266 1406 1319 solum
1446 1267 1803 1335 patrocinium
1844 1267 1928 1320 de-

243 1339 500 1393 fensionis
540 1341 765 1410 accepit3
813 1340 870 1393 in
916 1341 1105 1393 ceteris
1145 1359 1271 1393 vero
1310 1341 1463 1393 libris
1505 1340 1762 1394 Romanis
1801 1342 1928 1394 novi

188 1415 222 1466 2
241 1415 416 1484 operis
448 1414 764 1467 tradidimus
797 1414 1145 1484 disciplinam.
1201 1414 1283 1468 Tu
1316 1433 1439 1468 vero
1472 1416 1808 1484 praecedenti
1840 1416 1926 1468 ad·
1953 1436 1993 1469 15

239 1489 535 1541 monitione
576 1492 885 1555 conventUS,
933 1492 986 1542 et
1023 1489 1275 1558 religiosa
1317 1489 1661 1542 iurisiurandi
1700 1490 1927 1542 auctori-

240 1566 350 1616 tate
382 1564 733 1632 conmonitUS‚
765 1564 864 1616 hos
896 1564 1065 1616 libros
1105 1582 1239 1633 puro
1272 1564 1451 1617 animo
1485 1582 1547 1616 ac
1578 1583 1712 1632 pura
1751 1567 1927 1617 mente

240 1637 464 1706 custodi,
504 1656 570 1690 ne
609 1638 852 1706 inperitis
892 1638 1109 1690 auribus
1143 1641 1195 1691 et
1228 1638 1504 1708 sacrilegis
1536 1637 1729 1690 animis
1761 1638 1927 1691 scien-

240 1713 316 1764 tia
361 1712 515 1764 istius
567 1712 742 1780 operis
791 1712 1082 1765 intimetur.
1163 1711 1335 1765 Celari
1376 1731 1430 1765 se
1471 1715 1524 1764 et
1562 1713 1818 1765 abscondi
1860 1713 1924 1765 ab

238 1787 392 1839 initio
432 1785 606 1838 voluit
643 1786 770 1854 †fid
808 1786 892 1839 his
931 1805 1125 1855 rerum,
1165 1790 1218 1839 et
1262 1787 1507 1855 plurimis
1554 1805 1609 1838 se
1652 1790 1925 1857 tegumen·
1951 1809 1994 1839 20

239 1860 307 1912 tis
347 1863 539 1912 natura
571 1859 868 1913 divinitatis
901 1860 1193 1930 abscondit,
1225 1880 1290 1913 ne
1323 1864 1461 1913 esset
1491 1860 1662 1914 facilis
1696 1879 1926 1929 accessu,

238 1953 304 1987 ne
345 1934 549 1987 cunctis
587 1934 856 2003 patefacta
901 1935 1193 1988 maiestatis
1242 1954 1367 1988 suae
1418 1935 1624 2005 origine
1671 1936 1923 2003 pandere-

187 2009 338 2061 3tur.
416 2007 535 2061 Hoc
587 2012 641 2062 et
692 2027 790 2061 nos
845 2010 902 2061 in
947 2009 1065 2062 istis
1112 2009 1264 2061 libris
1311 2010 1483 2062 facere
1532 2010 1825 2078 conveniet,
1864 2013 1925 2061 ut

238 2083 395 2136 lectio
430 2101 614 2135 eorum
645 2083 910 2154 religiosis
941 2086 1137 2152 pateat,
1168 2083 1407 2153 profanis
1440 2102 1649 2152 semper
1680 2101 1738 2135 ac
1768 2084 1922 2136 sacri—

238 2156 372 2227 legis
422 2157 725 2227 denegetur,
770 2177 836 2210 ne
884 2161 1122 2210 veterum
1170 2158 1468 2211 veneranda
1507 2161 1808 2210 commenta
1846 2176 1921 2209 sa·
1949 2178 1990 2210 25

240 2231 451 2302 crilegis
485 2231 877 2300 quodammodo
911 2232 1237 2284 editionibus
1271 2234 1587 2300 polluamus.
1652 2231 1924 2301 Quaprop-

359 2381 383 2418 2
419 2375 631 2433 principe
663 2376 711 2420 in
744 2376 814 2435 A‘]
863 2377 1122 2433 principem
1155 2382 1189 2420 G
1235 2377 1384 2433 primo
1417 2377 1464 2420 in
1497 2382 1535 2419 N
1580 2377 1776 2433 pecipue
1809 2377 1857 2420 in
1889 2382 1924 2419 D

299 2439 323 2477 3
357 2435 539 2487 finibus,
574 2436 712 2480 tertio
745 2439 784 2479 Δ
909 2441 935 2479 4
969 2437 1051 2480 del.
1078 2441 1116 2479 N
1152 2437 1313 2492 itaque
1337 2440 1373 2479 A
1405 2436 1496 2480 ista
1521 2454 1547 2479 κ
1589 2440 1595 2492 Ι
1635 2436 1830 2480 collecta
1861 2437 1923 2494 A]

239 2494 467 2538 collocata
495 2497 541 2538 Γ
679 2500 703 2538 6
737 2495 1010 2551 colligentes
1035 2496 1081 2554 a]
1126 2496 1405 2539 collocantes
1543 2501 1595 2538 11
1628 2495 1924 2551 promisimus

238 2553 309 2611 A']
350 2553 579 2609 prosimus
613 2559 646 2596 G
701 2554 910 2598 misimus
943 2557 981 2598 Δ
1064 2557 1070 2611 Ι
1149 2557 1323 2612 septem
1366 2555 1469 2613 hos]
1510 2557 1613 2598 octo
1653 2555 1736 2598 hos
1767 2559 1806 2596 N

242 2618 293 2655 12
328 2615 506 2669 septem
538 2629 619 2658 om.
654 2616 692 2656 Δ
872 2619 923 2656 13
957 2613 1076 2658 liber
1106 2629 1189 2658 om.
1223 2617 1262 2658 Δ
1433 2619 1486 2657 14
1519 2614 1728 2670 succepit
1759 2615 1924 2669 Haupt

238 2685 386 2727 opusc.
420 2673 513 2716 III
540 2676 629 2717 581
661 2674 918 2729 obloquente
949 2674 1158 2717 clausula
1215 2676 1220 2728 Ι
1278 2673 1477 2716 Romani
1509 2677 1593 2715 AN
1747 2678 1798 2716 15
1830 2675 1923 2716 tra-

240 2731 390 2774 dimus
426 2735 496 2773 Gv
649 2736 701 2775 16
743 2732 1001 2775 iusiurandi
1034 2737 1069 2774 A
1223 2737 1276 2776 18
1310 2733 1509 2790 custodi]
1552 2732 1735 2787 eaeplicit
1765 2735 1804 2773 N

241 2794 292 2833 19
320 2789 515 2849 (enim)
543 2805 590 2835 se
615 2808 642 2834 n
693 2793 698 2846 Ι
749 2793 796 2834 et
820 2806 901 2835 om.
929 2795 964 2833 A
1079 2796 1134 2834 20
1167 2791 1228 2834 fid
1256 2796 1290 2834 G
1323 2792 1404 2835 sed
1428 2796 1501 2833 nv
1522 2797 1638 2846 spat.
1664 2805 1758 2835 vac.
1785 2795 1813 2834 6
1837 2791 1919 2834 litt.

238 2853 274 2890 A
316 2848 420 2892 finis
453 2851 477 2901 ζ
531 2851 536 2905 Ι
594 2851 844 2907 tegmentis
876 2855 948 2892 Dv
1069 2856 1121 2893 21
1165 2851 1425 2894 divinitatis
1469 2865 1551 2894 om.
1584 2854 1621 2892 A
1677 2852 1683 2903 1
1740 2863 1797 2892 ne
1828 2850 1920 2906 Dv]

237 2921 322 2950 nec
358 2911 404 2951 Γ
526 2914 580 2951 22
614 2910 691 2967 ne]
723 2923 809 2954 nec
841 2913 865 2961 ζ
990 2914 1045 2952 23
1079 2911 1125 2952 et
1157 2924 1238 2954 om.
1272 2915 1307 2952 1)
1365 2912 1370 2966 Ι
1427 2910 1499 2967 ut]
1533 2910 1579 2952 et
1612 2913 1645 2950 G
1778 2912 1833 2951 24
1867 2921 1922 2952 ac

238 2981 322 3010 om.
354 2969 398 3010 Γ
513 2973 566 3011 25
600 2969 862 3012 veneranda
893 2968 969 3024 κζ]
1003 2968 1278 3026 deneganda
