2038 3162
802 144 1158 191 PRAEFATIO.
1725 146 1833 190 XXI

38 283 50 302 ‘
137 288 305 352 stirpis
330 286 374 338 Δ
408 289 624 353 vestigia
654 290 1009 348 remanserunt,
1041 289 1092 336 et
1122 287 1184 335 ab
1217 286 1404 348 eodem,
1436 289 1715 350 opinamur,
1746 289 1834 350 qui

136 362 430 413 conferendo
447 365 498 410 et
513 362 788 426 supplendo
806 362 998 410 librum
1021 377 1168 411 suum
1186 361 1470 422 exornabat,
1494 377 1612 410 suae
1636 377 1833 424 quoque

136 438 448 487 coniecturae
489 438 612 486 satis
659 437 894 486 audacter
939 436 1112 484 illatae
1159 437 1292 484 sunt.
1355 435 1558 484 Summa
1604 437 1833 485 cautione

133 511 289 576 igitur
329 511 383 559 in
420 511 513 559 hoc
550 511 679 560 libro
716 511 980 572 utendum,
1018 527 1080 559 ne
1111 510 1297 559 virtute
1337 511 1444 559 eius
1484 510 1679 572 decepti
1715 510 1836 558 Itali

134 585 319 635 saeculi
342 585 447 634 XV.
481 579 639 652 (docti
670 601 787 634 sane
819 578 937 651 viri)
971 585 1095 634 vilia
1124 584 1330 634 inventa
1358 601 1450 647 pro
1474 586 1604 633 veris
1628 584 1835 633 Firmici

134 659 296 709 verbis
337 675 579 714 emamus:
628 661 717 722 qui
754 675 844 708 nec
875 659 1062 709 veritus
1102 662 1176 708 est
1214 659 1467 720 lacunam,
1510 675 1636 721 quae
1668 661 1743 708 est
1781 660 1834 707 in

132 734 261 783 libro
285 734 375 783 III.
393 750 500 796 cap.
521 736 587 783 13
607 728 680 800 (p.
701 735 803 783 189
823 727 883 796 τ),
906 734 968 782 iis
992 735 1139 798 nugis
1162 734 1447 796 petulanter
1470 734 1681 796 explere,
1707 749 1834 795 quae

134 808 267 872 apud
298 809 548 872 Angelum
578 810 629 857 et
658 808 711 856 in
743 808 960 857 editione
992 808 1214 871 principe
1252 808 1490 871 leguntur
1519 810 1634 870 post
1668 809 1772 856 189
1792 825 1834 857 ισ

137 875 221 950 (ut
242 885 296 932 in
319 877 395 949 N)
419 883 663 945 intrusae3
697 899 909 946 quarum
939 883 1157 931 indolem
1189 884 1247 930 ut
1270 882 1604 947 significemus
1630 909 1698 915 ——
1725 898 1835 930 cum

134 957 253 1006 libri
282 957 464 1022 Angeli
496 959 546 1006 et
578 957 810 1006 editionis
842 957 1082 1020 principis
1118 972 1215 1006 non
1255 957 1418 1005 multa
1450 959 1644 1005 exstent
1675 973 1834 1005 exem-

133 1032 298 1095 plaria
323 1058 388 1065 —
418 1034 539 1080 satis
566 1034 642 1080 est
663 1034 857 1094 partem
885 1034 1154 1080 extremam
1178 1031 1258 1080 hic
1282 1031 1583 1079 adscribere:
1618 1032 1686 1079 In
1708 1046 1835 1079 nono

133 1106 233 1154 loco
257 1107 318 1155 ab
341 1107 598 1168 horoscopo
613 1106 864 1167 partiliter
876 1108 1045 1166 posita
1066 1107 1120 1154 in
1144 1106 1327 1154 diurna
1346 1108 1589 1167 genitura,
1614 1108 1782 1166 faciet.
1800 1143 1836 1154 ..

134 1182 271 1230 dabit
301 1183 446 1229 etiam
477 1181 657 1229 multas
687 1182 1017 1243 coyitationes:
1054 1181 1367 1228 mutationem
1394 1195 1490 1241 per
1519 1182 1760 1242 regiones:
1796 1183 1839 1228 et

133 1257 178 1303 si
207 1257 360 1316 fuerit
387 1256 504 1304 haec
534 1256 707 1304 domus
729 1257 972 1304 Mercurii
1003 1257 1362 1303 astronomiam.
1418 1253 1475 1303 Si
1505 1257 1694 1302 veneris
1724 1269 1836 1303 can-

134 1330 308 1378 tilenas
349 1333 392 1378 et
421 1331 642 1379 leticiam.
704 1330 759 1378 Si
798 1331 983 1378 Martis
1023 1344 1144 1389 opus
1184 1344 1434 1378 armorum
1475 1332 1518 1377 et
1546 1331 1837 1378 instrumen—

135 1408 294 1452 torum
306 1414 338 1455 ll
413 1403 471 1452 Si
501 1405 635 1452 Iovis
668 1404 890 1452 divinum
922 1405 1102 1452 cultum
1142 1407 1184 1451 et
1221 1404 1471 1452 seientiam
1509 1405 1563 1451 in
1602 1404 1714 1464 tegle.
1783 1403 1839 1452 Si

134 1478 342 1527 Saturni
362 1480 616 1528 scientiam
639 1478 848 1527 alkamie
863 1489 892 1528 ll
938 1478 993 1526 Si
1016 1477 1144 1526 Solis
1159 1479 1520 1539 providentiam
1544 1480 1600 1527 in
1622 1478 1838 1538 quadra·

126 1553 335 1613 pedibus
350 1565 380 1604 ll
433 1552 489 1601 Si
511 1554 566 1600 in
588 1567 762 1602 cancro
786 1555 923 1601 domo
946 1568 1054 1608 saa,
1079 1555 1330 1601 scientiam
1354 1554 1489 1601 dabit
1510 1554 1727 1600 omnium
1750 1568 1839 1612 que

136 1629 308 1675 eoeeant
337 1629 395 1676 de
427 1636 604 1687 aquas!
667 1626 791 1675 Cum
822 1627 1144 1689 Neapolitani
1175 1628 1413 1675 virtutem
1443 1628 1495 1674 in
1527 1626 1838 1676 recensendis

134 1700 276 1750 libris
308 1702 583 1750 V.—VIII.
618 1701 805 1764 experti
847 1717 1086 1764 essemus,
1130 1702 1282 1749 etiam
1319 1717 1410 1763 per
1449 1701 1604 1750 libros
1636 1701 1838 1750 I.——IV.

133 1777 300 1824 totum
347 1775 692 1824 excutiendum
739 1791 842 1824 esse
898 1777 1190 1825 censuimus
1263 1776 1628 1824 Transmissum
1681 1776 1839 1840 igitur

134 1849 495 1899 Vratislaviam
526 1867 615 1913 per
643 1851 772 1898 hanc
800 1853 992 1912 partem
1022 1850 1233 1898 contulit
1258 1851 1450 1914 Ziegler
1475 1843 1694 1915 (1910);
1726 1867 1837 1913 par-

135 1926 238 1972 tem
254 1924 579 1986 posteriorem
595 1926 698 1972 iam
714 1924 856 1972 Kroll
874 1919 1051 1991 (libros
1069 1918 1395 1990 VL—VIH.)
1415 1926 1465 1972 et
1480 1924 1614 1971 Holk
1632 1920 1741 1990 (lib.
1752 1918 1836 1990 V.)

137 1998 463 2047 contulerant.
502 1999 669 2061 Atque
686 2000 835 2047 etiam
854 1999 907 2046 in
930 1999 1071 2047 libris
1086 1998 1306 2060 I.—IV.,
1331 2014 1454 2061 quos
1471 2000 1681 2047 vetustis
1697 1999 1837 2046 libris

135 2072 374 2122 habemus
398 2073 626 2134 traditos,
650 2077 702 2121 N
726 2073 912 2122 multas
933 2074 1170 2122 lectiones
1198 2072 1542 2121 memorabiles
1568 2073 1837 2135 praestitit,

135 2147 322 2195 multas
353 2147 721 2196 emendationes
748 2150 797 2195 et
820 2150 1015 2196 nostras
1041 2151 1091 2196 et
1115 2147 1323 2196 aliorum
1350 2147 1677 2207 confirmavit,
1710 2163 1837 2195 com-

136 2221 302 2284 pluria
342 2222 686 2284 supplementa
725 2221 1078 2284 suppeditavit.
1134 2221 1358 2278 Quorum
1390 2237 1518 2283 quae
1550 2221 1839 2269 viderentur

136 2295 379 2358 gravioris
422 2297 682 2358 momenti,
728 2295 781 2343 in
829 2295 1065 2344 addendis
1114 2290 1185 2361 (p.
1220 2297 1325 2344 546
1345 2289 1476 2361 sqq.)
1522 2296 1836 2357 protulimus.

140 2368 235 2418 Sed
261 2385 348 2417 nec
374 2372 561 2419 ceteras
586 2369 843 2418 utilissimi
867 2370 1048 2419 codicis
1072 2371 1325 2431 lectiones,
1353 2387 1411 2418 ex
1429 2370 1608 2432 quibus
1625 2370 1836 2417 fortasse

139 2443 289 2491 etiam
321 2444 467 2506 plura
499 2444 563 2491 ad
596 2444 956 2492 emendandum
990 2447 1241 2492 auctorem
1270 2445 1513 2506 expiscari
1535 2459 1679 2506 posse
1705 2445 1837 2506 quis-

135 2518 272 2579 piam
311 2518 407 2566 sibi
445 2518 698 2578 videatur,
746 2518 794 2565 in
836 2519 1129 2567 scriniorum
1174 2518 1379 2566 latebris
1426 2518 1693 2566 servandas
1734 2532 1837 2566 esse

140 2590 372 2640 arbitrati
396 2594 447 2639 in
473 2593 605 2640 calce
629 2592 775 2640 huius
800 2594 1127 2654 praefationis
1153 2592 1450 2653 addidimus,
1474 2592 1837 2654 praetermissis

138 2665 374 2713 nimirum
407 2666 803 2729 orthographicis
836 2667 1047 2729 aliisque
1082 2668 1187 2714 eius
1211 2666 1403 2730 generis
1428 2665 1689 2714 erroribus.
1731 2665 1837 2712 Ali·

142 2741 263 2801 quot
286 2740 586 2803 paginarum
610 2742 761 2789 etiam
786 2740 1034 2789 Foersteri
1059 2743 1108 2788 et
1124 2740 1382 2789 Wiinschii
1409 2740 1697 2788 collationes
1717 2740 1837 2787 olim

140 2814 189 2860 in
225 2829 368 2862 usum
407 2816 631 2862 nostrum
664 2814 1014 2862 benevolenter
1045 2815 1296 2863 confectae
1330 2813 1470 2862 nobis
1504 2816 1701 2876 praesto
1733 2814 1835 2860 fue-

141 2888 268 2934 runt.
302 2914 371 2920 —
413 2887 668 2937 Lectiones
708 2891 882 2950 postea
921 2904 949 2935 a
989 2904 1140 2936 manu
1183 2890 1456 2938 recentiore
1495 2887 1831 2949 Neapolitano
1856 2885 1925 2928 ΝΞ

139 2960 308 3009 illatas
341 2977 398 3009 ex
431 2976 467 3009 α
497 2962 693 3010 fluxisse
726 2962 857 3009 infra
889 2962 1163 3024 apparebit.
