2066 3192
249 130 355 184 102
974 128 1203 175 FIRMIGI

58 269 125 307 soz.
137 264 253 300 72011
272 271 391 305 rum
438 252 632 305 fluctus
680 251 921 322 exponit,
977 255 1070 304 aut
1115 251 1403 304 fluviorum
1449 252 1768 305 torrentium
1815 252 1935 306 sub-

244 344 448 380 mersos
495 326 651 379 undis
701 326 1036 396 gravioribus
1075 326 1236 378 faciet
1274 326 1634 394 periculorum
1673 326 1935 380 discrimi-

243 401 403 453 nibus
456 400 726 469 inplicari,
784 402 876 453 aut
920 399 1160 471 maligno
1207 399 1431 453 humore
1479 404 1726 455 concreta
1769 402 1935 470 pestis

243 476 408 528 fortes
459 492 522 528 ac
571 476 858 543 perpetuas
903 473 1092 527 indicit
1143 474 1536 545 aegritudinum
1592 474 1935 528 calamitates,

195 549 225 600 7
247 548 304 602 Si
354 567 479 602 vero
531 567 670 600 unus
722 548 786 602 de
836 548 1045 601 duobus
1095 552 1189 601 aut
1232 547 1376 602 Mars
1429 551 1521 601 aut
1569 548 1829 602 Saturnus
1879 549 1936 602 in
1982 571 2001 604 5

243 623 416 676 ferino
458 623 611 694 signo
653 623 976 676 constitutus
1023 622 1189 674 alium
1230 622 1489 675 diametra
1527 623 1821 676 radiatione
1859 643 1937 677 re-

180 741 183 743 .
245 697 490 767 spexerit‚
542 716 607 749 ex
659 697 998 766 quadrupede
1047 696 1133 749 vel
1185 715 1249 749 ex
1298 697 1441 751 ferae
1491 697 1577 750 vel
1627 717 1691 749 ex
1735 697 1936 752 bestiae

244 772 354 824 ictu
402 772 655 824 miserum
698 771 925 840 periculi
965 770 1249 823 discrimen
1287 771 1526 837 affertur,
1573 771 1798 824 aliorum
1832 791 1936 824 me-

245 846 405 899 dullis
460 846 730 915 ingestum
776 845 967 898 veneni
1011 845 1157 897 virus
1197 845 1442 898 acerbum
1485 845 1672 899 mortis
1712 846 1936 899 exitium

195 920 413 972 Sflebili
454 920 756 974 calamitate
797 919 1044 972 decernit.
1124 917 1181 971 Si
1227 937 1351 971 vero
1397 920 1454 972 in
1505 920 1935 990 quadrupedibus
1963 943 2003 976 ιο

247 995 414 1065 signis
455 994 751 1060 constituti,
789 995 877 1048 vel
914 1012 1052 1046 unus
1093 1011 1277 1047 eorum
1317 995 1372 1046 in
1411 994 1564 1065 signo
1598 995 1938 1064 quadrupede

245 1070 494 1121 inventus
549 1068 713 1121 alium
773 1068 1031 1121 diametra
1088 1068 1386 1120 radiatione
1436 1069 1752 1138 respexerit,
1817 1087 1936 1122 cum

244 1144 329 1195 his
362 1143 516 1194 malis
550 1162 684 1212 quae
714 1161 779 1195 ex
801 1142 1242 1212 praecedentibus
1275 1143 1508 1195 diximus
1537 1143 1936 1196 definitionibus

244 1218 452 1286 perfici,
499 1217 650 1287 gravi
695 1217 971 1270 ruinarum
1009 1217 1245 1286 pondere
1285 1219 1547 1286 oppressi,
1599 1221 1652 1269 et
1691 1218 1937 1286 dissipati

247 1291 485 1360 corporis
523 1291 845 1344 laceratione
885 1291 1128 1360 confecti,
1168 1294 1259 1343 aut
1299 1291 1602 1349 moriuntur
1641 1296 1733 1345 aut
1762 1292 1938 1345 vicina
1961 1313 2003 1347 15

195 1365 434 1419 9mortis
486 1369 753 1436 coguntur
803 1365 981 1418 subire
1033 1366 1354 1418 discrimina.
1432 1365 1535 1418 Sed
1581 1366 1714 1420 haec
1760 1367 1939 1419 omnia

245 1440 540 1492 infortunia
587 1443 715 1493 tunc
760 1440 890 1492 forti
935 1440 1254 1492 calamitatis
1295 1440 1508 1493 cumulo
1549 1440 1938 1510 convalescunt,

245 1533 364 1567 cum
404 1515 503 1567 hos
545 1514 621 1567 sic
659 1515 863 1583 positos
902 1514 1066 1567 nullis
1104 1513 1345 1583 Iuppiter
1375 1514 1763 1568 radiationibus
1795 1515 1936 1567 miti-

245 1590 401 1659 garit.
470 1586 608 1640 Nam
653 1590 697 1642 si
738 1589 1014 1658 geniturae
1054 1588 1293 1640 cardines
1332 1588 1667 1657 possidentes
1697 1589 1850 1641 Luna
1881 1590 1937 1642 in

246 1681 563 1732 quocunque
625 1663 836 1715 cardine
900 1663 1190 1716 constituta
1251 1662 1350 1715 hac
1405 1664 1586 1716 eadem
1641 1663 1935 1716 radiatione
1961 1685 2002 1717 20

244 1737 537 1806 respexerit
583 1738 668 1790 vel
715 1737 993 1805 quadrata,
1048 1740 1175 1789 tunc
1226 1737 1472 1806 graviora
1521 1737 1758 1806 pericula
1807 1741 1937 1791 tunc

244 1811 503 1881 fugitivos
545 1829 762 1878 erroreS,
802 1815 930 1863 tunc
966 1811 1124 1863 exilia
1155 1810 1501 1879 publicasque
1535 1812 1770 1865 decernit
1800 1830 1936 1865 mor-

245 1889 324 1939 tes
357 1885 459 1938 ista
491 1885 812 1954 coniunctio,
844 1889 973 1937 tunc
1003 1884 1206 1938 honore
1238 1885 1501 1937 libertatis
1534 1889 1716 1954 erepto
1747 1886 1935 1957 iugum

162 1959 228 2011 10
244 1960 469 2012 miserae
509 1959 780 2012 servitutis
820 1959 1100 2029 inponunt.
1169 1958 1225 2011 Si
1263 1978 1389 2012 vero
1429 1959 1484 2012 in
1524 1959 1587 2012 V.
1627 1959 1711 2012 vel
1749 1960 1802 2012 in
1843 1959 1934 2013 XI.

247 2035 310 2087 ab
363 2033 662 2103 horoscopo
713 2033 832 2086 loco
886 2034 1179 2101 constituti,
1230 2033 1314 2086 vel
1360 2034 1417 2086 in
1455 2032 1544 2085 IX.
1595 2033 1680 2087 vel
1731 2033 1784 2086 in
1824 2033 1934 2103 111„
1959 2056 2001 2088 25

247 2109 503 2160 diametra
543 2127 598 2160 se
637 2108 929 2160 radiatione
968 2108 1312 2178 respexerint,
1352 2126 1562 2160 omnem
1604 2127 1751 2177 spem
1789 2127 1935 2178 pros-

364 2242 425 2296 (5)
460 2239 509 2283 ἐν
550 2239 600 2283 δὲ
639 2240 924 2295 θηριώδεσιν
965 2238 1015 2282 ἐκ
1053 2237 1236 2295 θηρίων
1270 2236 1298 2295 ἢ
1339 2237 1728 2294 φαρμακοποσίας
1758 2239 1933 2298 βλάβην

246 2300 325 2342 καὶ
350 2297 592 2343 κίνδυνον·
629 2301 719 2355 (10)
748 2299 796 2343 ἐν
822 2297 872 2342 δὲ
897 2296 1200 2353 τετραπόδοις
1225 2297 1274 2341 ἐκ
1299 2306 1391 2342 τῶν
1417 2296 1590 2354 ὁμοίων
1615 2299 1820 2350 πτώσεις.
1854 2300 1934 2342 καὶ

246 2365 399 2415 χεῖρον
420 2356 531 2402 ὅταν
547 2363 623 2414 τῆς
644 2357 849 2414 Σελήνης
873 2355 1199 2401 οἰκοδεσπόται
1225 2353 1307 2401 ὦσι
1333 2357 1412 2401 καὶ
1438 2360 1526 2413 (19)
1547 2357 1597 2401 ἐν
1622 2357 1706 2413 μὲν
1721 2365 1817 2409 τοῖς
1833 2357 1931 2403 κέν-

245 2433 370 2472 τροις
401 2420 491 2474 (22)
517 2421 823 2470 θανατοῦσιν,
857 2419 947 2474 (24)
974 2417 1023 2461 ἐν
1058 2414 1107 2460 δὲ
1135 2424 1237 2466 ταῖς
1263 2417 1587 2472 ἐπαναφοραῖς
1618 2419 1709 2473 (26)
1735 2417 1932 2474 ἀγαθῶν

366 2525 390 2564 5
424 2521 602 2564 duobus
636 2520 860 2563 Saturnus
894 2521 975 2563 aut
1006 2519 1129 2563 Mars
1162 2522 1200 2563 Δ
1327 2525 1348 2563 7
1385 2519 1455 2563 vel
1487 2533 1541 2563 ex
1572 2535 1652 2565 sec.
1679 2522 1760 2564 del
1787 2537 1814 2563 a

247 2584 272 2622 8
307 2579 527 2624 afferatur
556 2582 602 2623 Γ
703 2585 727 2623 9
759 2579 994 2636 ingestum
1018 2580 1065 2638 u]
1098 2579 1329 2622 incessum
1443 2584 1495 2623 10
1529 2579 1909 2635 quadrupedibus

247 2638 563 2695 quadrupedis
597 2641 635 2682 Δ
761 2643 811 2682 11
848 2638 1094 2697 (fuerint)
1124 2640 1267 2682 const.
1303 2652 1328 2682 σ
1451 2643 1503 2681 12
1536 2639 1823 2694 respexerint
1854 2642 1893 2682 Δ

248 2712 352 2741 cum
376 2699 416 2756 ζ]
451 2711 555 2741 eum
676 2702 728 2741 13
761 2698 912 2741 modis
938 2711 1031 2752 qua
1056 2700 1095 2740 Δ
1125 2699 1131 2754 Ι
1160 2699 1233 2755 ex]
1258 2697 1308 2740 in
1332 2713 1359 2739 a
1387 2700 1391 2753 l
1421 2697 1779 2742 diffinitionibus
1804 2698 1928 2742 codd.

242 2763 387 2812 praet.
418 2761 454 2799 A
577 2761 630 2800 16
663 2757 803 2800 morti
835 2771 859 2800 6
983 2760 1037 2799 18
1069 2757 1152 2800 hos
1187 2757 1252 2801 sic
1285 2757 1361 2814 σζ]
1393 2756 1476 2800 hos
1501 2759 1540 2800 Δ
1574 2756 1646 2799 his
1675 2759 1722 2800 Γ
1747 2756 1813 2800 sic
1837 2756 1895 2799 12²
1923 2758 1926 2815 1

247 2816 426 2870 positus
451 2830 563 2861 corr.
588 2816 646 2858 D²
670 2819 679 2870 J
707 2815 862 2859 nullus
888 2819 975 2859 AA
1090 2821 1141 2858 21
1177 2815 1250 2859 vel
1274 2815 1525 2874 quadrata]
1549 2816 1630 2860 hoc
1652 2817 1797 2860 solum
1820 2821 1932 2860 recte

246 2881 348 2919 stat.
472 2880 527 2919 23
561 2875 886 2918 coniunctione
912 2877 950 2917 A
1076 2879 1130 2917 24
1163 2874 1258 2932 XL]
1292 2874 1344 2919 X.
1370 2878 1447 2916 AB
1570 2879 1625 2917 25
1658 2874 1730 2918 vel
1761 2874 1809 2917 in
1832 2874 1929 2932 HL]

248 2933 320 2976 vel
343 2933 426 2976 1110
442 2939 477 2976 n
510 2934 582 2977 vel
598 2934 646 2976 in
664 2937 731 2978 vel
747 2936 794 2978 et
810 2936 876 2978 vel
894 2936 940 2977 et
956 2933 1002 2975 in
1021 2939 1097 2978 cet.
1203 2938 1256 2977 26
1284 2948 1413 2990 spem
1438 2935 1461 2986 ζ
1482 2934 1537 2987 cf.
1560 2934 1726 2989 Catal]
1751 2947 1930 2989 semper
