2066 3192
772 138 836 183 VI
867 143 936 195 14,
960 143 1115 194 3—15‚
1141 150 1175 183 a.
1684 158 1685 163 ¹
1720 138 1822 190 101

135 279 231 331 per
275 261 480 314 indicit.
559 259 760 322 Quodsi
799 259 856 312 in
894 263 1046 330 parte
1083 258 1371 328 horoscopi
1409 259 1519 329 [vel
1558 259 1602 312 si
1640 259 1697 311 in
1734 258 1824 312 ho·
1843 259 1877 311 3

136 334 388 405 roscopo]
445 333 708 387 Saturnus
762 334 926 387 fuerit
980 331 1319 386 cardinaliter
1371 333 1720 403 constitutus,
1774 336 1828 386 et

135 428 255 462 eum
295 410 351 462 in
391 425 580 461 occasu
611 407 857 478 Iuppiter
890 409 1099 478 positus
1132 406 1391 460 diametra
1420 407 1716 460 radiatione
1747 425 1827 460 re·

136 484 391 553 spexerit,
444 485 568 552 post
619 483 801 553 gravia
850 482 1146 535 infortunia
1191 479 1484 535 iuventutis
1531 482 1586 534 in
1632 482 1824 534 ultimo

89 579 108 612 5
134 557 420 612 senectutis
437 560 677 626 tempore
694 556 966 610 felicitatis
990 557 1143 609 tarda
1168 556 1448 612 commoda
1471 555 1824 609 conferentur.

246 631 584 702 [Saturnus
630 633 692 683 et
736 630 903 684 Mars
950 630 1284 700 diametri]
1357 629 1415 683 Si
1462 629 1725 683 Saturnus
1772 630 1876 683 et4

131 706 276 759 Mars
317 705 573 758 diametra
612 723 667 757 se
704 705 1000 758 radiatione
1039 704 1386 775 respexerint,
1429 707 1483 758 et
1522 706 1577 757 in
1618 708 1824 758 contra-

132 780 226 833 riis
273 779 553 834 constituti
598 778 731 832 locis
776 779 940 851 longa
987 797 1044 832 se
1089 779 1317 834 invicem
1365 779 1562 832 virium
1609 797 1823 832 suarum

131 857 395 924 potestate
447 853 800 923 pulsaverint,
854 854 1293 924 gravissimorum
1348 854 1715 907 discriminum
1771 856 1825 906 et

65 951 109 983 ιο
131 930 422 981 multarum
468 928 889 981 sollicitudinum
935 929 1272 982 incommoda
1319 927 1555 981 decernit
1601 927 1705 981 ista
1743 946 1823 979 ra-

131 1003 311 1056 diatio.
386 1001 640 1055 Plurimis
682 1003 822 1054 enim
862 1020 925 1056 ac
963 1003 1116 1057 malis
1156 1002 1318 1056 faciet
1356 1001 1822 1055 contrarietatibus

130 1077 394 1146 inplicari,
438 1078 529 1130 sed
568 1080 622 1128 et
659 1076 849 1130 acerba
886 1076 1046 1129 faciet
1085 1078 1316 1130 invidiae
1354 1076 1475 1130 labe
1513 1076 1732 1146 pulsari,
1771 1079 1823 1128 et

131 1152 350 1205 miseras
398 1151 674 1222 angustias
721 1151 1053 1205 necessitatis
1100 1152 1312 1220 indicit,
1363 1154 1416 1204 et
1464 1169 1656 1220 corpus
1697 1151 1823 1203 assi-

131 1226 249 1279 duis
289 1225 683 1296 aegritudinum
725 1229 777 1277 et
816 1226 1042 1278 assiduis
1080 1226 1328 1279 laborum
1359 1225 1520 1279 faciet
1550 1225 1823 1278 continua-

65 1322 104 1355 15
129 1300 368 1353 tionibus
406 1300 636 1371 fatigari.
715 1297 906 1352 Gravia
953 1300 1114 1354 etiam
1153 1302 1295 1354 vitae
1342 1299 1650 1353 discrimina
1688 1298 1872 1352 sem-5

129 1393 225 1444 per
263 1375 492 1443 inponit,
532 1378 585 1426 et
622 1375 913 1444 imaginem
952 1375 1267 1428 metuendae
1298 1375 1486 1427 mortis
1518 1373 1824 1443 frequenter

131 1449 379 1516 ostendit,
433 1452 486 1501 et
540 1448 949 1501 domesticarum
1003 1449 1402 1502 inimicitiarum
1462 1449 1697 1501 decernit
1746 1449 1822 1500 in-

131 1542 333 1592 cursuS,
379 1526 432 1575 et
478 1522 802 1575 terribilium
849 1522 1172 1576 seditionum
1219 1524 1430 1578 crebras
1477 1526 1823 1592 tempestates

133 1599 382 1668 exagitat.
458 1596 707 1650 Sobolem
742 1615 955 1666 quoque
986 1597 1213 1668 denegat
1242 1598 1494 1666 filiorum,
1533 1601 1585 1650 et
1615 1600 1822 1666 patrem

66 1693 108 1725 20
132 1673 236 1725 cita
289 1671 451 1725 faciet
505 1675 677 1724 morte
731 1673 1014 1740 prosterni,
1068 1676 1121 1725 et
1174 1691 1239 1725 ex
1288 1672 1560 1726 laboribus
1609 1671 1822 1725 labores

128 1747 338 1799 assidua
388 1746 789 1799 continuatione
839 1749 1135 1815 perpetuat.
1211 1745 1272 1800 Si
1322 1765 1446 1799 vero
1498 1746 1555 1798 in
1603 1747 1820 1816 aquosis
1839 1745 1872 1798 6

129 1821 298 1891 signis
345 1820 624 1873 constituti
671 1819 934 1873 Saturnus
982 1824 1035 1873 et
1080 1821 1224 1874 Mars
1273 1821 1528 1873 diametra
1576 1839 1631 1873 se
1682 1821 1823 1874 sicut

130 1895 360 1947 diximus
398 1894 692 1947 radiatione
731 1895 1076 1964 respexerint,
1114 1899 1243 1948 tunc
1280 1896 1531 1964 procellis
1567 1895 1820 1966 gravibus

129 1969 642 2039 tempestatibusque
689 1968 994 2022 submersos
1040 1970 1327 2040 naufragos
1375 1969 1616 2022 saeviens
1658 1970 1820 2022 unda-

248 2118 308 2172 (1)
340 2115 420 2158 καὶ
452 2115 493 2159 εἰ
524 2113 607 2170 μὲν
632 2113 656 2159 ὁ
681 2114 863 2169 Κρόνος
886 2115 1158 2171 ὡροσκοπεῖ,
1191 2114 1215 2160 ὃ
1241 2115 1293 2160 δὲ
1321 2116 1435 2167 Ζευς
1467 2115 1612 2170 δύνει,
1643 2114 1701 2159 τὰ
1733 2114 1817 2183 μὲν

129 2182 288 2229 πρῶτα
312 2181 393 2218 τοῦ
417 2172 523 2232 βίου
548 2177 763 2231 δυστυχῆ,
793 2173 851 2217 τὰ
876 2174 926 2218 δὲ
954 2174 1120 2247 ἔσχατα
1146 2176 1327 2233 εὐτυχῆ.
1473 2179 1498 2217 9
1531 2175 1588 2229 cf.
1606 2190 1655 2231 Ρ.
1683 2178 1771 2219 103
1808 2192 1811 2232 Ι

130 2238 306 2288 165,17
331 2233 540 2278 ἐναντιοῖ
560 2233 626 2283 εἰς
649 2232 917 2290 περίκτησιν
941 2232 1059 2292 βίου.
1094 2236 1228 2291 δηλοῖ
1250 2233 1302 2278 δὲ
1327 2234 1377 2278 τὸ
1404 2241 1555 2292 σχῆμα
1581 2236 1672 2291 (12)
1692 2232 1815 2289 φθό-

130 2311 240 2345 νους
270 2294 349 2336 καὶ
381 2290 562 2343 ἐνδείας
585 2293 665 2335 καὶ
690 2292 950 2348 σωματικὰς
974 2294 1196 2344 κακωσεις
1219 2294 1299 2337 καὶ
1324 2293 1574 2344 κινδύνους
1597 2296 1713 2350 ζωῆς
1737 2294 1816 2337 καὶ

130 2356 220 2410 (19)
246 2349 465 2396 ἀτεκνίαν
497 2354 589 2408 (17)
614 2351 793 2408 ἔχθραν
818 2351 1003 2396 οἰκείων
1028 2352 1187 2397 στάσιν
1219 2355 1309 2410 (19)
1335 2351 1695 2412 ταχυθανασίαν
1727 2368 1816 2396 πα-

131 2412 236 2467 τρὸς
268 2411 317 2455 ἐκ
345 2411 502 2455 πόνων
526 2410 701 2461 πόνους
726 2410 826 2465 ἥτοι
851 2411 901 2454 ἐκ
926 2411 1118 2469 μόχθων
1142 2411 1369 2485 μόχθους·
1404 2412 1454 2457 ἐν
1479 2412 1530 2456 δὲ
1555 2413 1713 2468 ὑγροῖς
1737 2416 1818 2471 ζῳ-

131 2470 250 2522 δίοις
281 2469 484 2527 ναυάγια
515 2470 594 2514 καὶ
627 2470 676 2514 ἐκ
708 2478 928 2526 ποταμῶν
960 2472 1210 2523 κινδύνους
1242 2470 1270 2528 ἢ
1303 2474 1354 2517 ἐκ
1387 2468 1623 2529 ρεύματος.

252 2594 274 2633 1
308 2590 391 2633 del.
419 2602 443 2632 σ
476 2589 533 2645 (si
556 2603 638 2633 om.
666 2591 723 2646 Δ)
846 2593 870 2632 3
904 2602 1008 2633 eum
1040 2590 1084 2649 σ]
1117 2604 1222 2634 cum
1256 2592 1262 2646 Ι
1297 2589 1451 2634 Iovem
1482 2589 1689 2646 positum
1718 2592 1763 2634 Γ

132 2653 157 2693 5
198 2648 496 2692 conferuntur
527 2651 567 2691 Δ
719 2653 744 2692 9
784 2649 1162 2706 gravissimorum
1194 2650 1237 2708 σ]
1286 2649 1497 2706 gravium
1530 2662 1715 2693 suorum
1752 2651 1818 2694 vel

132 2722 318 2752 suarum
353 2710 399 2752 Γ
438 2707 702 2765 graviorum
734 2710 774 2751 Δ
821 2708 985 2765 gravia
1022 2709 1312 2753 miseriarum
1353 2708 1623 2752 discrimina
1661 2726 1688 2751 κ

134 2772 187 2811 13
221 2767 513 2811 necessitatis
546 2781 629 2810 om.
655 2769 695 2810 A
725 2769 730 2822 Ι
759 2769 806 2811 et
829 2769 887 2825 N]
913 2781 968 2812 ac
991 2772 1029 2811 A
1054 2770 1123 2824 (at
1145 2770 1190 2824 v)
1215 2768 1276 2811 ad
1299 2772 1379 2810 BG
1403 2782 1487 2813 om.
1505 2773 1540 2810 1)
1663 2772 1717 2811 14
1748 2767 1818 2811 la-

131 2825 295 2870 borum
327 2826 404 2884 12²]
440 2825 676 2869 laboribus
709 2826 900 2882 (laboris
932 2828 976 2882 κ)
1100 2832 1153 2870 19
1187 2827 1390 2885 <indicit
1423 2826 1505 2884 et>
1539 2826 1750 2883 exagitat
1779 2831 1818 2869 N

133 2885 307 2929 excitat
338 2902 366 2928 κ
399 2888 405 2941 Ι
445 2898 627 2940 quoque
656 2886 722 2943 Γ]
755 2899 844 2941 que
870 2888 909 2929 A
1032 2891 1087 2929 22
1121 2887 1242 2930 sicut
1275 2886 1475 2930 diximus
1507 2885 1737 2930 diametra
1770 2900 1817 2930 se

132 2947 172 2988 A
295 2949 351 2988 24
383 2944 586 2988 serviens
618 2946 658 2988 A
