2038 3162
773 84 1130 131 PRAEFATIO.
1611 86 1803 130 XXXIII

105 227 278 276 notam
314 226 522 274 Firmici
561 223 839 276 orationem
879 243 975 276 non
1017 226 1147 275 male
1185 226 1414 274 imitatus
1462 226 1803 289 amplificaret.

106 299 249 358 Quod
278 300 357 349 his
389 300 626 364 exemplis
657 301 964 350 illustretur:

474 397 676 443 Petrus
709 397 774 442 de
805 397 1003 443 Abano
1154 397 1502 443 Pescennius
1534 397 1713 456 Niger

106 471 243 518 Cane.
260 487 306 530 p.
323 468 400 518 XI.
493 473 705 518 Piscator
734 474 820 518 erit
1063 473 1265 517 homines
1294 473 1435 528 saciet
1462 473 1729 529 piscatores,
1763 478 1805 518 ct

124 555 132 559 -
1083 533 1247 637 {giban
1286 533 1419 589 aquis
1458 533 1672 577 continue
1708 547 1804 577 ver-

106 649 240 696 Canc.
258 665 302 708 p.
322 650 439 695 XIII.
487 652 640 696 Homo
663 652 893 697 studiosus
916 652 1003 698 crit
1059 651 1284 696 studiosos
1306 651 1466 706 faciet,
1497 656 1539 697 et
1559 665 1731 707 semper
1754 652 1806 696 in

1084 711 1227 766 libris,
1259 712 1452 756 assidua
1476 711 1804 766 lucubratione,

106 828 243 874 Canc.
260 844 306 887 p.
324 828 445 875 XVI.
492 830 644 875 Homo
690 831 884 876 nobilem
934 843 980 875 se
1068 776 1474 887 εἱῖἒῗῖζιοΐξεῗαοίετ,
1509 835 1552 875 et
1580 831 1734 886 elatos,
1765 836 1807 876 et

518 891 787 934 existimans
1083 890 1484 995 ἕιτΐῆιίῖιῖιοόίῑὶίαΐε
1496 890 1697 935 illustres
1709 891 1803 935 exi-

103 1044 241 1094 Haec
268 1045 489 1094 breviter
510 1046 762 1093 monuisse
796 1047 916 1093 satis
939 1044 1203 1107 habemus3
1235 1044 1523 1094 solvendam
1555 1045 1802 1108 quaestio·

104 1135 240 1181 nem,
285 1120 513 1182 ipsumne
553 1118 897 1168 Astrolabium
935 1119 1234 1168 Pescennius
1282 1119 1596 1182 exscripserit
1641 1135 1706 1168 an
1745 1135 1804 1167 ex

104 1193 275 1242 eodem
305 1196 511 1256 uterque
544 1193 682 1242 fonte
712 1194 934 1242 hauserit
964 1220 1036 1227 —
1066 1194 1199 1256 quod
1225 1193 1551 1259 Warburgius
1583 1194 1801 1256 suspica·

102 1270 189 1316 tur
213 1294 282 1302 —
309 1268 422 1317 aliis
449 1267 553 1316 eius
586 1267 766 1317 aetatis
798 1268 1117 1331 peritioribus
1141 1268 1491 1331 relinquimus;
1522 1268 1665 1316 nobis
1691 1269 1798 1330 qui-

105 1341 216 1390 dem
246 1342 410 1406 ipsum
436 1343 620 1407 Angeli
643 1342 984 1392 Astrolabium
1017 1342 1312 1405 expressisse
1343 1342 1640 1392 Pescennius
1664 1343 1803 1391 vide-

102 1419 200 1479 tur,
240 1418 477 1480 quoniam
515 1419 565 1466 et
594 1417 836 1481 imagines
870 1418 1112 1479 quasdam
1151 1417 1256 1466 eius
1297 1418 1623 1482 astrologicas
1662 1417 1801 1481 ligno

22 1535 24 1538 .
101 1491 283 1540 incisas
315 1491 430 1540 inde
461 1493 721 1540 mutuatus
755 1494 842 1540 est.

175 1566 414 1613 Aldinam
445 1568 790 1629 expresserunt
821 1581 989 1614 omnes
1014 1582 1140 1630 quae
1174 1583 1283 1615 eam
1316 1569 1514 1615 secutae
1546 1568 1666 1614 sunt
1699 1566 1800 1614 edi-

100 1640 283 1703 tiones;
314 1642 433 1688 sunt
462 1643 578 1702 tres,
611 1657 822 1702 quarum
852 1641 1016 1703 prima
1039 1641 1214 1702 Rheyii
1236 1641 1604 1702 Linyobardiac
1629 1655 1800 1700 expcn-

102 1716 171 1763 sis
211 1718 254 1763 et
289 1715 452 1763 labore
498 1715 756 1764 Francisci
801 1716 1022 1765 Masalis
1069 1716 1405 1775 calclzoyraphi
1444 1715 1802 1775 diliyentissimi

102 1789 177 1837 M.
192 1789 257 1836 1).
271 1789 382 1836 III.
402 1788 727 1850 Cal.Auynstz'
750 1789 952 1851 prodiit,
976 1789 1189 1838 secunda
1206 1792 1256 1838 et
1272 1790 1421 1838 tertia
1429 1805 1524 1850 per
1538 1789 1800 1837 Nicolaum

100 1863 437 1912 Prueknerum
473 1863 785 1925 Astroloyum
823 1866 1026 1913 curatae
1067 1866 1116 1912 et
1155 1864 1387 1912 Basileae
1423 1878 1518 1923 per
1555 1864 1796 1912 Ioannem

103 1938 407 1999 Hervaqium
450 1939 591 1987 1533
632 1940 682 1986 et
721 1939 859 1987 1551
902 1939 1040 2001 typis
1079 1938 1344 1987 mandatae
1386 1938 1548 1987 adhuc
1587 1954 1686 1986 non
1725 1939 1799 1985 ita

102 2027 214 2060 raro
245 2013 299 2059 in
329 2011 647 2061 bibliothecis
679 2012 891 2074 publicis
923 2029 1014 2061 nec
1045 2029 1144 2060 non
1180 2013 1314 2076 apud
1345 2012 1625 2061 venditores
1665 2012 1799 2060 anti-

103 2101 314 2148 quorum
344 2086 582 2134 librorum
615 2086 952 2135 inveniuntur.
998 2087 1309 2135 Prucknerus
1341 2086 1586 2150 gloriatur
1617 2101 1666 2134 se
1692 2087 1797 2134 Fir-

101 2160 218 2208 mici
256 2160 408 2209 libros
449 2160 511 2209 ab
553 2161 826 2209 innumeris
873 2161 1064 2210 mendis
1104 2161 1403 2223 vindicasse3
1448 2177 1501 2208 re
1542 2177 1660 2209 vera
1706 2160 1798 2210 hoc

101 2250 257 2282 unum
289 2234 392 2283 eius
426 2237 500 2283 est
530 2236 584 2283 in
616 2235 886 2284 Firmicum
918 2237 1176 2297 meritum,
1215 2235 1349 2298 quod
1381 2251 1568 2284 errores
1600 2234 1797 2297 aliquos

102 2308 314 2357 Aldinae
344 2310 637 2359 manifestos
670 2309 897 2369 sustulit;
930 2310 1123 2358 nullum
1156 2309 1375 2359 codicem
1408 2309 1652 2370 adhibuit,
1684 2325 1796 2357 nus-

102 2398 254 2445 quam
294 2385 457 2432 acrius
497 2386 603 2432 arte
644 2383 817 2433 critica
855 2399 973 2433 usus
1014 2386 1109 2447 est,
1151 2384 1363 2433 audacia
1402 2383 1658 2432 Pescennii
1699 2399 1797 2431 em·

100 2455 319 2505 blemeta
348 2458 664 2522 propagavit.

175 2530 366 2579 Harum
399 2532 671 2581 editionum
701 2532 949 2580 vilitatem
975 2531 1106 2581 viros
1139 2532 1310 2582 doctos
1343 2533 1449 2581 eius
1482 2531 1665 2581 saeculi
1698 2548 1796 2581 non

101 2604 286 2668 fugisse
320 2607 370 2653 et
401 2608 713 2655 coniecturae
746 2623 936 2669 eorum,
978 2622 1106 2669 quae
1142 2607 1193 2654 in
1228 2607 1393 2655 codice
1425 2607 1664 2654 Bernensi
1696 2621 1794 2654 ser-

100 2681 246 2727 vatae
278 2683 396 2728 sunt
429 2674 514 2746 (cf.
538 2697 586 2742 p.
610 2674 849 2746 XXVII),
881 2680 1060 2729 docent
1090 2684 1141 2730 et
1172 2681 1357 2728 Aldina
1390 2679 1794 2743 Guelferbytana.

99 2752 202 2801 Nec
232 2755 399 2802 tamen
424 2756 689 2816 quicquam
722 2771 778 2803 ex
802 2755 866 2803 iis
890 2755 1067 2803 studiis
1099 2757 1271 2803 natum
1302 2757 1391 2815 est,
1424 2754 1508 2803 sed
1532 2755 1666 2802 ultra
1697 2757 1794 2802 tre-

100 2829 268 2876 centos
307 2843 461 2876 annos
503 2828 704 2876 Firmici
748 2828 984 2877 Mathesis
1024 2829 1172 2891 plane
1214 2829 1440 2893 neglecta
1478 2829 1657 2889 iacuit,
1697 2828 1795 2876 nisi

101 2901 231 2962 quod
257 2901 589 2950 Salmasius
615 2898 712 2967 (De
746 2902 888 2950 annis
913 2903 1272 2966 climactericis,
1305 2902 1461 2966 Lugd.
1486 2903 1598 2951 Bat.
1627 2894 1792 2967 1648)

188 2990 397 3033 Francus,
422 2991 682 3035 affixi-011,
707 2992 915 3026 Skutsch
939 2995 977 3025 et
999 2993 1203 3034 Ziegler.
1242 2993 1292 3025 11.
1503 2999 1527 3028 c
