2038 3162
795 122 1151 169 PRAEFATIO.
1718 122 1824 167 XIX

127 264 491 326 Neapolitanus
523 266 573 313 et
603 263 877 313 Patavinus
910 264 1014 326 alii,
1049 263 1167 312 libri
1197 262 1494 312 nitidissime
1524 263 1664 326 picti,
1695 279 1824 312 com-

126 337 354 400 probant.
408 337 715 387 Marcianum
748 338 966 388 codicem
1004 338 1127 387 satis
1158 338 1424 402 diligenter
1462 339 1719 387 exaratum
1748 341 1823 386 to-

126 415 234 460 tum
266 412 482 461 contulit
513 411 741 461 Skutsch.

201 486 377 534 Altera
410 487 599 536 assecla
630 486 813 536 codicis
837 491 881 536 B
913 490 988 535 est

199 566 279 610 16.
328 564 669 610 oxoniensis
715 561 915 625 collegii
959 559 1170 610 Lincoln
1211 562 1316 609 114
1361 561 1515 610 chart.
1556 560 1660 609 foll.
1703 562 1826 623 222,
1858 573 1888 612 0

126 634 256 684 binis
288 635 532 684 columnis
571 635 767 684 saeculo
800 635 906 683 XV.
935 637 1143 684 exeunte
1175 637 1504 698 conscriptuS,
1538 637 1678 684 cuius
1710 651 1825 698 pars

127 709 340 758 secunda
372 703 499 776 (foll.
529 705 844 776 133—222)
877 709 1147 758 Firmicum
1172 710 1405 759 continet.
1460 710 1535 757 Ex
1560 709 1826 759 collatione

125 783 243 832 libri
264 783 324 832 V.
348 784 535 847 partim
566 784 628 833 ab
659 786 768 846 ipso
793 784 1044 846 Lindsayo
1072 784 1256 847 partim
1289 800 1318 832 a
1342 783 1584 847 discipulo
1609 783 1825 847 quodam

127 859 230 906 eius
262 859 397 907 facta
430 874 557 921 quae
589 858 736 906 utilia
769 874 873 907 esse
905 858 1204 908 videbantur
1234 858 1594 922 exscripsimus.

198 937 274 981 17.
328 936 670 981 Patavinum
706 932 1036 982 bibliothecae
1066 932 1382 982 Antonianae
1425 934 1531 982 574
1562 932 1765 982 membr.
1791 935 2000 990 Pat(av.2

125 1007 230 1055 foll.
260 1008 366 1056 130
400 1023 490 1056 cm.
519 1008 619 1054 34:
639 1008 705 1055 23
741 1023 799 1055 ex
831 1007 1153 1071 quinionibus
1185 1009 1536 1070 compositum,
1567 1023 1693 1056 saec.
1717 1007 1823 1057 XV.

126 1081 404 1145 elegantius
429 1097 580 1144 quam
605 1081 893 1145 diligentius
918 1084 1173 1144 scriptum,
1203 1082 1492 1131 Monacensi
1515 1082 1826 1130 simillimum

126 1170 230 1204 esse
274 1156 510 1204 lectiones
553 1172 613 1203 ex
657 1156 798 1205 libris
830 1156 914 1219 V.,
946 1156 1056 1219 VI.‚
1088 1156 1199 1204 VII.
1241 1158 1498 1218 excerptae
1542 1150 1751 1222 (partim
1795 1173 1825 1205 a

124 1230 385 1279 Francisco
413 1229 625 1278 Gumont
653 1231 793 1280 1899
820 1231 1007 1294 partim
1033 1247 1063 1279 a
1088 1230 1311 1294 Zieglero
1341 1223 1508 1298 1908)
1535 1231 1656 1279 satis
1688 1230 1824 1279 lucu-

124 1304 285 1353 lenter
316 1305 659 1364 ostenderunt3
702 1305 966 1354 nonnullas
1006 1321 1120 1354 cum
1157 1306 1277 1354 nota
1317 1306 1424 1353 Pat.
1456 1305 1536 1354 vel
1567 1305 1739 1354 Patav.
1772 1307 1825 1353 in

130 1381 378 1442 apparatu
409 1379 686 1427 attulimus.

197 1458 276 1502 18.
317 1457 738 1502 Palermitanus
775 1453 1105 1502 bibliothecae
1145 1454 1471 1503 communalis
1506 1455 1536 1501 2
1571 1452 1647 1516 Qq
1677 1454 1718 1502 E
1755 1456 1824 1503 20

129 1526 327 1577 membr.
367 1528 471 1576 foll.
507 1529 610 1576 146
651 1529 842 1577 formae
886 1530 1131 1577 maximae
1179 1544 1411 1578 versuum
1451 1529 1521 1576 40
1560 1543 1686 1577 saec.
1719 1529 1824 1579 XV.

126 1603 296 1665 stirpis
327 1603 384 1650 Γ
414 1605 487 1651 est
526 1604 838 1666 maximeque
877 1603 942 1652 ad
978 1602 1286 1651 Marcianum
1328 1606 1378 1652 G
1418 1602 1620 1652 accedit.
1676 1603 1826 1650 Haud

125 1692 236 1725 raro
253 1676 420 1724 variae
438 1678 674 1726 lectiones
691 1693 750 1725 ex
775 1677 886 1726 aliis
912 1677 1160 1726 codicibus
1185 1678 1373 1740 petitae
1400 1677 1462 1724 ab
1487 1677 1595 1739 ipso
1620 1677 1824 1726 librario

126 1752 487 1813 superscriptae
512 1754 644 1801 sunt.
684 1752 897 1814 Aliquot
919 1754 1130 1816 paginas
1154 1751 1270 1800 libri
1286 1751 1346 1799 V.
1363 1753 1415 1799 in
1439 1766 1584 1800 usum
1600 1754 1826 1800 nostrum

125 1824 476 1874 benevolenter
508 1826 720 1874 contulit
750 1828 829 1874 vir
859 1826 1033 1875 doctus
1066 1826 1311 1875 nescimus
1345 1826 1444 1889 qui.

198 1912 279 1956 19.
310 1910 818 1956 vindobonensem
844 1909 986 1956 3195
1021 1908 1174 1956 chart.
1201 1923 1325 1956 saec.
1349 1907 1456 1956 XV.
1481 1907 1698 1956 medium
1726 1910 1824 1958 fere
1856 1921 1890 1959 F

124 1981 287 2029 locum
319 1981 451 2029 inter
482 1984 531 2030 Γ
555 1983 605 2029 et
634 1979 679 2031 Δ
718 1984 904 2044 tenere,
945 1981 1028 2030 sed
1059 1983 1134 2031 ita
1165 1984 1223 2029 ut
1252 1982 1456 2045 propior
1494 1982 1562 2030 sit
1594 1984 1740 2045 stirpi
1767 1985 1824 2047 Γ,

127 2072 185 2103 ex
229 2055 525 2104 lectionibus
569 2056 697 2118 eius,
739 2072 863 2118 quas
910 2057 974 2104 ad
1016 2056 1041 2103 I
1081 2058 1149 2104 49
1170 2058 1357 2107 15-53
1379 2074 1422 2106 14
1459 2058 1719 2105 attulimus
1762 2057 1824 2105 ab

126 2129 345 2178 Haulero
378 2129 519 2178 nobis
548 2130 833 2179 humaniter
865 2130 1223 2194 suppeditatas,
1256 2146 1548 2196 cognoscere
1581 2132 1711 2181 licet.

201 2262 384 2325 Stirpis
415 2260 459 2312 Δ
493 2264 547 2312 hi
578 2263 768 2312 codices
799 2264 940 2313 nobis
971 2265 1318 2313 innotuerunt:
1855 2276 1895 2317 Δ

200 2342 292 2387 20.
330 2341 642 2387 Vaticanus
673 2339 759 2387 lat.
795 2341 935 2387 2227
978 2339 1132 2388 chart.
1166 2339 1270 2388 foll.
1308 2340 1411 2387 110
1446 2355 1535 2388 cm.
1563 2341 1817 2402 41:28,5
1854 2353 1882 2390 c

127 2411 322 2460 saeculo
347 2412 451 2460 XV.
478 2415 565 2461 aut
587 2413 719 2461 XVI.
750 2413 952 2461 ineunte
984 2415 1106 2462 satis
1137 2414 1457 2478 neglegenter
1488 2416 1702 2476 scriptus
1734 2414 1821 2463 est‘.

126 2485 460 2535 Adhibuimus
485 2487 549 2535 ad
578 2487 604 2535 I
630 2488 697 2535 49
718 2489 905 2538 15—-53
926 2506 980 2538 14.
1031 2488 1338 2536 267-280.
1393 2487 1445 2535 II
1469 2490 1625 2549 1—5‚
1650 2491 1822 2551 postea

128 2559 408 2610 abiecimus.
464 2560 689 2610 Contulit
718 2561 874 2611 Kroll.

203 2647 279 2691 21.
325 2645 638 2691 Vaticanus
690 2647 984 2692 Palatinus
1029 2644 1115 2691 lat.
1160 2644 1300 2691 1418
1358 2643 1512 2692 chart.
1559 2643 1664 2692 foll.
1716 2645 1820 2693 190
1852 2650 1887 2687 1)

129 2730 252 2764 saec.
277 2715 382 2765 XV.
408 2716 603 2780 dignior
633 2717 775 2766 nobis
799 2718 934 2766 visus
966 2721 1054 2778 est,
1088 2717 1174 2779 qui
1197 2719 1333 2765 totus
1358 2718 1678 2778 conferretur,
1711 2733 1822 2766 cum

129 2791 180 2836 et
216 2791 465 2851 puriorem
505 2791 801 2840 recensionis
838 2789 881 2839 Δ
924 2794 1114 2839 textum
1155 2791 1393 2853 praebeat
1430 2793 1480 2839 et
1518 2795 1821 2840 correcturas

130 2864 382 2911 contineat
420 2864 624 2913 eximias
667 2865 727 2913 ab
771 2865 929 2913 altera
968 2882 1119 2914 manu
1156 2866 1325 2913 illatas
1366 2859 1518 2931 (quae
1559 2865 1731 2914 eadem
1768 2868 1821 2914 in

127 2937 232 2985 foll.
261 2938 363 2986 187
370 2940 551 2988 -190
577 2939 757 2988 codicis
783 2939 923 2988 varia
954 2940 1256 3002 astrologica
1284 2933 1516 3005 addidit),
1549 2955 1675 3001 quae
1708 2956 1819 3002 par-

1475 3035 1535 3079 b*
