2038 3146
726 665 1253 730 PRAEFATIO.

213 819 333 867 Iulii
356 817 561 867 Firmici
575 818 792 866 Materni
807 818 1085 868 Matheseos
1109 819 1262 868 libros
1287 821 1412 882 octe,
1437 834 1550 867 cum
1574 834 1703 868 anno
1731 819 1835 867 337

141 894 263 944 editi
301 894 486 954 essent,
530 892 804 941 multorum
842 893 895 941 in
933 893 1161 942 manibus
1199 896 1421 943 versatos
1469 909 1572 943 esse
1612 894 1718 943 veri
1765 895 1841 942 est

140 968 473 1030 simillimum3
518 982 607 1015 nec
644 969 812 1016 tamen
852 968 986 1031 apud
1033 969 1195 1016 ullum
1241 969 1504 1030 antiquum
1550 969 1843 1030 scriptorem

142 1059 312 1092 eorum
343 1042 529 1090 mentio
561 1040 631 1090 fit.
684 1042 973 1091 Tractatum
1007 1044 1160 1105 enim,
1194 1042 1280 1105 qui
1314 1038 1393 1091 ‘de
1426 1042 1501 1091 dis
1534 1044 1584 1090 et
1614 1058 1842 1105 praesen-

141 1113 380 1167 sionibus'
405 1115 672 1179 inscriptus
697 1116 944 1165 Boethii
970 1133 1151 1166 nomen
1174 1133 1294 1180 prae
1318 1133 1369 1165 se
1393 1117 1506 1179 fert,
1535 1118 1588 1164 in
1614 1133 1711 1179 quo
1736 1117 1842 1165 Fir-

141 1192 298 1240 micus
348 1189 730 1239 mathematicus
781 1194 1196 1240 commemoratur
1250 1186 1524 1259 (Ciceronis
1572 1207 1724 1254 opera
1770 1191 1842 1238 ed.

142 1265 299 1314 Orelli
336 1264 382 1311 V
410 1268 456 1326 1,
487 1282 534 1327 p.
563 1265 667 1312 395
688 1283 731 1315 13
768 1266 836 1313 In
873 1267 1151 1315 hznusmodc'
1188 1281 1300 1315 vero
1342 1269 1551 1315 tractatu
1588 1262 1844 1314 Posidonii

141 1345 282 1400 atque
319 1340 445 1388 Iulii
475 1340 683 1389 Firmici
719 1341 820 1388 sive
857 1339 1154 1400 reliquorum
1192 1341 1639 1390 ‘mathematicorum
1673 1343 1847 1402 reynat

141 1407 342 1482 oratio),
388 1414 546 1462 multo
585 1415 875 1463 recentioris
915 1416 1098 1463 aetatis
1139 1430 1242 1464 esse
1282 1417 1434 1478 patet.
1499 1414 1595 1463 Sed
1631 1413 1747 1463 inde
1780 1414 1842 1463 ab

143 1504 271 1538 anno
286 1490 388 1536 fere
401 1488 667 1538 millesimo
683 1488 737 1536 in
751 1487 918 1537 Gallia
934 1491 984 1537 et
1000 1490 1151 1551 paulo
1164 1493 1278 1552 post
1289 1490 1342 1537 in
1354 1489 1618 1537 Britannia
1630 1488 1844 1553 vestigia

143 1565 247 1612 eius
283 1565 539 1626 apparent.
601 1561 799 1611 Laudat
837 1580 950 1612 eum
987 1564 1128 1612 iuxta
1168 1564 1511 1613 Ptolemaeum
1541 1563 1844 1612 Honorius

142 1637 714 1702 Augustodunensis
753 1638 807 1686 in
846 1654 992 1701 opere
1034 1634 1112 1687 ‘de
1151 1638 1469 1701 philosophia
1507 1633 1698 1685 mundi'
1732 1637 1786 1685 II
1811 1638 1841 1685 5

143 1706 350 1780 (Migne,
381 1711 515 1759 Patr.
541 1711 627 1761 lat.
659 1714 761 1760 172
788 1729 836 1775 p.
857 1714 923 1760 59
939 1706 1022 1780 B),
1055 1715 1105 1761 et
1132 1713 1266 1776 apud
1291 1713 1665 1760 Willelmum
1697 1711 1843 1760 Mal·

143 1787 609 1836 mesburiensem
634 1786 707 1834 De
731 1786 885 1851 gestis
902 1804 1077 1850 regum
1092 1787 1370 1852 Anglorum
1387 1787 1438 1834 Il
1462 1785 1494 1849 ἓ
1515 1788 1617 1835 167
1638 1780 1845 1854 (Migne‚

142 1861 276 1910 Patr.
302 1860 389 1909 lat.
418 1861 521 1909 179
556 1877 602 1922 p.
632 1862 772 1909 1138
791 1856 859 1928 Β)
891 1861 1105 1925 legimus
1135 1861 1507 1923 Gerbertum,
1540 1862 1731 1909 cumin
1755 1861 1843 1908 Hi-

144 1936 320 1998 spania
344 1934 480 1997 apud
505 1934 777 1986 Saracenos
802 1937 1101 2000 astrologiae
1125 1936 1413 1997 studuisset,
1444 1935 1623 1984 vicisse
1642 1937 1845 1983 scientia
1938 1952 1941 1955 ’

143 2009 504 2058 Ptholomaeum
527 2011 579 2057 in
598 2010 917 2059 astrolabio„
937 2048 948 2059 .
972 2011 1163 2058 Iulnom
1178 2011 1451 2059 Fe'rmicnm
1472 2012 1527 2059 in
1548 2011 1664 2070 fat0.
1704 2009 1844 2058 Idem

144 2085 197 2132 in
217 2080 400 2133 ‘Gestis
425 2082 715 2146 pontificum
732 2079 1030 2148 Anglorum’
1053 2084 1132 2134 111
1152 2086 1255 2133 118
1283 2079 1378 2152 (ed.
1395 2084 1655 2132 Hamilton
1681 2079 1844 2149 [Rons

144 2158 293 2207 series
327 2153 493 2221 1870]
527 2175 573 2220 p.
602 2159 705 2206 259
741 2159 851 2207 adn.
881 2153 984 2227 6¹))
1023 2159 1166 2208 testis
1207 2162 1283 2209 est
1322 2158 1639 2208 Girardum
1687 2158 1844 2207 archi-

146 2233 433 2295 episcopum
465 2232 824 2282 Eboracensem
856 2247 969 2282 cum
1001 2234 1149 2282 aliter
1178 2249 1409 2296 peccasse
1439 2236 1549 2281 tum
1573 2232 1845 2281 Firmicum

144 2307 415 2369 lectitasse;
447 2306 578 2354 unde
609 2307 798 2369 posteri
832 2307 1079 2356 finxerunt
1109 2307 1201 2356 sub
1233 2309 1440 2371 pulvino
1470 2307 1588 2369 eiuS,
1621 2322 1731 2355 cum
1763 2322 1843 2356 su-

146 2379 254 2429 bita
284 2383 443 2429 morte
475 2380 711 2444 abreptus
744 2385 872 2430 esset
895 2377 1049 2450 (anno
1078 2377 1261 2450 1108),
1294 2383 1564 2431 Firmicum
1586 2383 1846 2430 inventum

221 2539 262 2592 1)
298 2538 517 2591 Ceterum,
548 2539 615 2583 vel
645 2540 714 2583 rei
743 2539 931 2584 veritate
961 2538 1029 2584 vel
1059 2551 1296 2584 rumorum
1328 2538 1515 2583 licentia
1545 2551 1719 2595 parum
1751 2537 1843 2592 dif-

144 2596 272 2651 finio,
303 2598 549 2642 multorum
580 2599 825 2642 criminum
849 2604 891 2644 et
912 2599 1109 2643 maxime
1134 2598 1321 2642 libidini
1344 2598 1568 2643 obnoxius
1591 2602 1701 2642 erat
1755 2596 1846 2653 Qui

146 2657 282 2700 etiam
312 2657 547 2711 maleficiis
577 2657 749 2702 dieitur
779 2658 1012 2713 inservire,
1044 2658 1164 2713 quod
1189 2658 1366 2702 Iulium
1392 2658 1651 2702 Fir-micum
1680 2662 1844 2701 secreto

147 2719 187 2758 et
203 2715 564 2771 promeridianis
586 2717 709 2761 horis
733 2717 961 2762 lectitavit.
1011 2716 1102 2761 Sed
1126 2717 1242 2761 haec
1273 2716 1322 2759 in
1347 2716 1632 2773 apographis
1656 2717 1844 2759 tantum

147 2772 375 2817 Willelmi
398 2775 551 2842 operis
575 2775 815 2832 leguntu13
840 2776 890 2819 in
913 2777 1015 2833 ipso
1033 2776 1326 2844 autographo
1343 2776 1518 2829 codice,
1535 2789 1673 2831 quem
1690 2775 1844 2818 adhuc

147 2833 372 2887 tenemus,
404 2834 505 2890 ipse
536 2836 792 2878 monachus
824 2849 880 2879 ea
903 2835 1057 2890 verba,
1091 2811 1261 2891 qulbus
1285 2835 1355 2878 vir
1387 2849 1592 2878 summus
1619 2833 1843 2877 Girardus

148 2890 526 2997 {ffgpersslgssguss
545 2895 706 2949 postea
737 2895 902 2949 erasit·
934 2896 1106 2939 desunt
1127 2894 1274 2950 igitur
1297 2894 1427 2951 apud
1458 2893 1689 2951 Mignium
1721 2893 1771 2937 P.
1790 2893 1836 2935 L.

267 2966 297 3007 P

1517 3026 1578 3070 a*
