2100 3186
762 109 847 152 VII
879 114 919 155 3.
945 114 1067 165 ⁷—4‚
1092 122 1124 154 s.
1682 109 1787 161 221

99 232 365 300 inventuS,
403 234 456 284 et
486 230 629 283 Mars
668 231 726 282 in
755 229 943 283 iisdem
976 230 1144 300 signis
1175 229 1339 282 fuerit
1369 229 1637 299 partiliter
1668 246 1791 282 con-

99 306 346 374 stitutus,
399 323 578 359 servos
633 304 843 357 efficiet.
921 302 1124 366 Quodsi
1177 303 1425 356 dominus
1481 303 1622 373 signi
1669 321 1789 356 cum
1806 302 1844 353 4

98 379 270 432 Marte
310 380 632 433 constitutus
671 379 729 431 in
767 378 952 431 eodem
992 377 1147 447 signo
1186 377 1350 430 fuerit
1395 379 1660 445 inventuS,
1698 380 1791 429 aut

99 454 206 507 alia
250 452 500 506 benivola
552 454 727 518 stella,
782 454 839 504 in
885 452 1068 505 servili
1114 455 1258 504 statu
1306 451 1586 504 constituti
1631 450 1790 503 liber-

54 551 74 583 5
98 528 225 580 tatis
264 527 531 596 praesidia
568 529 977 595 consequentur.
1054 524 1110 578 Si
1154 524 1247 579 Sol
1285 529 1340 578 et
1377 525 1530 578 Luna
1581 526 1637 577 in
1682 525 1841 578 car-5

98 601 315 654 dinibus
353 601 555 653 fuerint
593 600 811 668 inventi,
850 602 904 652 et
935 599 1079 651 Mars
1119 603 1212 652 aut
1245 599 1505 652 Saturnus
1537 603 1630 652 aut
1669 617 1789 652 cum

98 675 228 744 ipsis
282 676 339 727 in
391 674 694 728 cardinibus
749 675 857 726 sint
911 674 1213 742 constituti,
1268 678 1361 726 aut
1410 674 1511 726 hos
1559 692 1625 726 ex
1670 672 1790 725 aliis

102 749 405 802 cardinibus
443 749 748 817 respiciant,
785 749 935 801 nulla
974 766 1037 800 ex
1077 748 1337 801 benivolis
1378 748 1546 801 stellis
1587 748 1642 799 in
1682 765 1787 799 car·

20 834 25 842 '
99 823 314 876 dinibus
362 823 674 890 constituta,
722 840 904 875 servus
950 826 1209 875 nascetur.
1287 821 1392 875 Sed
1438 825 1492 874 et
1546 823 1592 873 si
1639 821 1791 874 Luna

32 921 75 954 10
99 898 155 949 in
185 896 325 950 IMC.
366 897 451 950 vel
489 898 545 949 in
578 915 767 950 occasu
797 896 961 949 fuerit
999 897 1231 964 inventa,
1270 901 1325 949 et
1359 914 1475 949 eam
1509 896 1572 948 de
1604 895 1790 948 dextro

100 971 358 1040 quadrato
393 969 656 1023 Saturnus
695 972 1003 1039 respexerit,
1042 975 1135 1024 aut
1166 971 1311 1023 Mars
1351 989 1417 1024 ex
1447 970 1632 1023 eodem
1666 988 1791 1038 qua-

97 1045 249 1098 drato
289 1048 382 1098 aut
421 1045 484 1098 de
517 1045 775 1098 diametro
806 1044 907 1097 hos
940 1045 1153 1098 eosdem
1183 1045 1364 1097 videat
1403 1044 1521 1114 [aut
1551 1047 1695 1097 certe
1727 1044 1790 1096 de

98 1119 397 1189 quadrato],
428 1137 608 1172 servos
643 1119 891 1172 efficient.
962 1118 1067 1171 Sed
1097 1123 1152 1172 et
1182 1120 1227 1172 si
1258 1118 1421 1172 Marti
1451 1119 1790 1171 coniunctam
1809 1121 1842 1172 6

96 1193 303 1246 Lunam
335 1193 602 1262 partiliter
635 1192 896 1246 Saturnus
929 1194 1193 1262 respiciat,
1216 1193 1370 1245 Luna
1400 1193 1607 1246 scilicet
1637 1210 1791 1263 gene·

32 1292 72 1324 15
96 1268 279 1321 raliter
332 1269 389 1320 in
443 1268 657 1321 cardine
712 1268 1027 1336 constituta,
1089 1286 1268 1321 servos
1323 1268 1540 1337 efficiet3
1595 1266 1688 1319 sed
1746 1267 1791 1318 si

99 1342 257 1394 istam
290 1342 721 1396 coniunctionem
753 1344 902 1395 nulla
933 1341 1183 1395 benivola
1207 1342 1363 1396 stella
1391 1342 1601 1410 viderit,
1631 1341 1792 1394 faciet

97 1434 277 1469 servos
316 1416 615 1469 laboriosos
654 1420 708 1468 et
754 1416 993 1469 miseros.
1073 1415 1131 1468 Si
1169 1416 1379 1469 Lunam
1417 1416 1562 1469 Mars
1608 1423 1660 1467 et
1701 1414 1840 1468 Sa-7

96 1494 286 1543 turnus
329 1490 438 1560 [de]
480 1490 739 1543 diametra
776 1490 1072 1543 radiatione
1111 1493 1422 1560 respiciant,
1467 1508 1565 1543 nec
1611 1489 1792 1558 aliqua

97 1565 346 1618 benivola
399 1564 554 1617 stella
604 1564 810 1617 Lunam
865 1565 1079 1633 viderit,
1131 1584 1230 1619 nec
1282 1566 1339 1618 in
1394 1565 1579 1617 eodem
1635 1564 1790 1634 signo

31 1662 74 1696 πο
98 1639 376 1692 benivolae
415 1638 601 1691 stellae
642 1657 697 1691 se
732 1639 884 1691 Luna
923 1640 1228 1710 coniungat,
1268 1657 1449 1692 servos
1490 1638 1700 1707 efficiet,
1740 1641 1793 1690 et

98 1713 192 1782 qui
246 1733 276 1765 a
317 1713 628 1783 parentibus
684 1714 794 1765 suis
842 1712 1155 1766 alienentur.
1231 1712 1406 1781 <Sed>
1454 1717 1508 1765 et
1557 1713 1605 1764 si
1650 1711 1792 1780 (sit)

96 1787 248 1839 Luna
278 1789 336 1840 in
364 1786 524 1855 IMO„
558 1788 701 1839 Mars
732 1805 858 1840 vero
890 1787 1098 1840 Lunam
1132 1806 1465 1856 quacumque
1497 1787 1793 1840 radiatione

97 1862 363 1931 respiciat,
410 1879 590 1914 servos
638 1862 849 1914 efficiet.
927 1861 985 1914 Si
1026 1861 1120 1914 Sol
1165 1866 1218 1915 et
1256 1862 1408 1914 Luna
1455 1863 1511 1914 in
1557 1859 1675 1913 XII.
1724 1860 1842 1915 ab8

97 1935 396 2004 horoscopo
435 1935 554 1988 loco
594 1936 794 1988 fuerint
832 1935 1058 2004 inventi,
1098 1940 1190 1989 aut
1228 1937 1286 1989 in
1324 1935 1414 1989 VI.
1425 1979 1438 2004 ,
1482 1938 1535 1988 et
1573 1935 1659 1987 his
1700 1934 1792 1987 Sa-

33 2032 74 2065 25
99 2013 290 2062 turnus
345 2009 588 2077 quolibet
648 2027 838 2079 genere
901 2010 1268 2064 testimonium
1331 2010 1635 2077 conmodet,
1696 2027 1794 2062 nec

101 2082 281 2136 Solem
327 2090 380 2136 et
426 2083 632 2135 Lunam
681 2083 958 2136 benivolae
1014 2086 1199 2137 stellae
1245 2084 1556 2154 respiciant,
1612 2101 1792 2135 servos

99 2158 355 2210 efficiunt.
434 2156 538 2210 Sed
584 2161 638 2210 et
685 2158 731 2209 si
769 2157 922 2210 Luna
967 2159 1024 2212 in
1062 2158 1205 2211 IMC.
1244 2159 1409 2211 fuerit
1454 2160 1694 2225 inventa,
1740 2161 1793 2210 et

221 2278 242 2316 1
270 2273 412 2317 fuerit
435 2288 518 2318 om.
545 2277 584 2318 Δ
709 2279 734 2318 5
758 2274 1017 2332 praesidia]
1042 2274 1252 2330 praemia
1276 2292 1303 2318 κ
1329 2276 1380 2319 el.
1406 2278 1514 2329 220,
1532 2287 1586 2318 12.
1611 2277 1719 2327 222,
1737 2286 1790 2317 18.

98 2337 204 2387 224,
223 2345 264 2375 19
379 2338 431 2375 12
459 2334 516 2377 de
533 2336 671 2390 prius
694 2349 776 2379 om.
796 2333 890 2376 A'B
938 2337 943 2390 Ι
994 2335 1076 2378 del.
1103 2350 1130 2377 a
1246 2338 1299 2377 13
1325 2334 1467 2377 Marti
1491 2352 1519 2378 κ
1529 2334 1569 2392 ζ]
1596 2334 1717 2377 Mars
1742 2333 1791 2376 in

103 2395 150 2436 Γ
169 2392 309 2447 (Mars
334 2397 368 2434 D
402 2393 594 2446 Lunam,
620 2394 781 2438 deinde
805 2394 1102 2437 coniunctam
1127 2393 1252 2437 Mars
1277 2395 1396 2450 part.
1422 2395 1476 2448 N)
1571 2398 1625 2437 14
1650 2405 1791 2450 gene-

98 2450 262 2495 raliter
276 2452 334 2509 N]
361 2455 432 2494 ter
454 2453 735 2508 generaliter
758 2458 835 2498 cet.
860 2453 986 2497 codd.
1011 2453 1309 2510 trigonaliter
1324 2468 1354 2495 v
1381 2452 1702 2508 temporaliter
1724 2454 1792 2496 vel

100 2510 403 2554 cardinaliter
427 2511 495 2569 [in
521 2512 728 2570 cardine]
753 2530 780 2555 κ
804 2513 853 2555 111
877 2512 1034 2568 aliquo
1059 2513 1303 2570 geniturae
1327 2513 1451 2556 card.
1478 2526 1503 2555 6
1624 2517 1677 2555 15
1711 2511 1790 2554 sed

100 2584 183 2615 om.
217 2572 260 2613 Γ
370 2574 424 2613 18
457 2571 541 2615 del.
565 2587 592 2613 a
706 2576 761 2615 20
793 2571 996 2615 efficient
1019 2574 1059 2615 Δ
1175 2577 1228 2614 21
1264 2573 1370 2615 add.
1396 2576 1421 2624 ζ
1532 2576 1586 2613 23
1621 2571 1792 2615 efficiet

101 2629 185 2688 <et
209 2629 290 2684 qui
315 2644 342 2672 a
366 2629 640 2685 parentibus
665 2631 760 2673 suis
786 2630 1084 2689 alienentur>
1107 2631 1213 2675 add.
1231 2636 1282 2685 D,
1307 2645 1362 2675 ae
1384 2632 1562 2675 videtur
1584 2632 1792 2674 habuisse

100 2689 233 2732 etiam
263 2691 511 2745 exemplum
540 2689 722 2734 librarii
746 2694 795 2744 G,
827 2692 910 2746 qui
930 2704 1031 2734 eum
1055 2695 1195 2734 totam
1217 2692 1486 2734 sententiam
1509 2691 1615 2734 inde
1640 2705 1667 2732 a
1692 2704 1792 2734 voce

102 2746 364 2791 alienentur
394 2750 422 2792 l.
454 2753 506 2791 21
541 2750 760 2802 mniserit,
791 2750 875 2793 hae
906 2751 1009 2804 ipsa
1040 2762 1141 2793 voce
1171 2752 1338 2793 iterata
1368 2755 1420 2793 ut
1450 2751 1680 2794 aberraret
1710 2751 1790 2793 ad-

101 2807 264 2851 ductus
293 2813 358 2851 est
477 2811 532 2850 23
567 2807 626 2850 ab
658 2807 912 2864 horoscopo
944 2808 993 2851 in
1024 2808 1120 2851 XII.
1155 2811 1201 2852 Γ
1316 2814 1371 2850 21
1405 2810 1452 2851 et
1476 2810 1536 2867 Δ]
1570 2809 1723 2851 autin
1753 2812 1798 2852 Γ

102 2868 185 2909 aut
215 2882 242 2908 κ
364 2871 418 2909 25
451 2866 666 2921 quolibet
690 2880 859 2923 genere
887 2868 950 2924 Γ]
986 2868 1218 2923 quomodo
1242 2867 1358 2911 libet
1384 2871 1422 2911 Δ
1474 2870 1479 2923 Ι
1531 2868 1792 2912 commodet

107 2925 173 2982 Γ]
206 2928 414 2980 praestet
445 2928 484 2968 Δ
608 2930 663 2969 26
696 2927 762 2984 et]
795 2940 879 2970 nec
911 2943 938 2969 a
1060 2931 1113 2969 27
1149 2927 1228 2970 sed
1262 2929 1309 2970 et
1341 2941 1422 2970 om.
1451 2930 1489 2970 Δ
