2066 3192
255 96 320 148 18
647 138 664 155 ,
978 95 1204 139 manici

164 216 233 269 36
362 217 636 270 Putabunt
684 217 900 285 quidam
948 217 1080 271 haec
1126 218 1446 303 generaliter
1485 237 1598 272 esse
1638 219 1798 287 dicta3
1851 219 1940 272 sed

253 296 332 344 est
372 310 554 344 eorum
596 309 718 343 vera
756 291 1070 343 substantia.
1147 291 1294 344 Haec
1332 294 1471 345 enim
1512 293 1691 346 omnia
1729 292 1940 363 singula

253 367 405 436 signa
455 366 675 449 propria
723 367 989 433 potestate
1039 365 1343 419 decernunt.
1419 365 1559 419 Nam
1610 367 1654 418 si
1705 365 1940 435 Myrio-

252 440 532 510 genesim
573 438 948 508 Aesculapii
986 440 1201 509 legeriS,
1246 458 1405 508 quam
1446 440 1547 492 sibi
1585 440 1937 493 venerabilem

251 513 501 566 Mercurii
550 512 755 566 stellam
805 513 1079 566 intimasse
1125 514 1398 583 professus
1446 518 1546 582 est,
1594 515 1828 567 invenies
1875 533 1938 566 ex
1987 535 2006 568 5

254 588 480 657 singulis
511 588 734 640 minutis
766 588 878 638 sine
911 587 1089 656 aliquo
1124 587 1399 640 stellarum
1431 587 1793 641 additamento
1831 606 1940 642 om-

203 722 205 725 4
250 663 400 714 nium
433 662 797 731 geniturarum
834 662 1045 715 ordines
1078 661 1383 731 explicatos.
1453 661 1594 715 Nam
1626 663 1682 714 in
1715 662 1939 733 singulis

252 735 473 788 minutis
527 736 884 804 horoscopum
934 739 1186 804 statuenS,
1235 754 1445 788 omnem
1493 736 1731 788 ordinem
1783 737 1938 805 vitae,

254 828 435 862 omnes
476 813 624 862 actus
664 809 862 878 pariter
902 828 964 863 ac
1003 811 1200 862 formas
1233 814 1285 863 et
1316 811 1565 863 ultimum
1608 811 1746 862 diem
1784 811 1940 880 vitae,

253 883 610 952 periculorum
652 883 811 936 etiam
850 902 1043 953 genera
1074 885 1364 937 verissimis
1398 902 1459 937 ac
1491 884 1940 938 manifestissimis
1966 907 2008 938 10

252 957 548 1010 rationibus
600 959 842 1026 explicat.
921 957 1059 1010 Nam
1101 959 1155 1010 in
1196 958 1423 1029 singulis
1464 959 1630 1029 signis
1671 977 1791 1012 cum
1833 959 1940 1011 sint

253 1031 405 1084 XXX
443 1035 620 1100 partes
669 1034 722 1084 et
768 1031 875 1084 sint
922 1034 1130 1084 minuta
1167 1030 1430 1099 MDCCC,
1485 1034 1838 1101 horoscopum
1886 1033 1943 1085 in

256 1125 362 1159 uno
411 1107 619 1158 minuto
660 1107 990 1158 constituens
1031 1107 1106 1158 sic
1144 1107 1353 1177 integra
1389 1107 1667 1159 hominum
1707 1108 1818 1160 fata
1858 1107 1942 1159 de-

166 1179 233 1231 37
254 1181 480 1264 scripsit.
561 1179 663 1232 Sed
714 1180 803 1232 ille
855 1180 1034 1233 divino
1087 1198 1279 1250 genere
1331 1184 1479 1234 ortus
1530 1199 1590 1233 ac
1642 1180 1805 1233 divini
1842 1199 1941 1265 ge-

251 1255 395 1306 neris
448 1255 835 1337 propagatione
889 1259 1201 1323 conceptuS‚
1263 1258 1316 1307 et
1369 1255 1654 1307 venerandi
1707 1255 1941 1308 numinis
1969 1275 2008 1308 15

253 1328 573 1398 magisteriis
620 1328 882 1397 imbutus,
932 1330 1257 1398 praeclaram
1303 1330 1520 1398 reliquit
1565 1329 1725 1381 huius
1766 1329 1941 1398 operis

254 1402 601 1471 disciplinam.
694 1402 755 1454 In
810 1403 966 1456 nobis
1022 1404 1147 1471 quia
1200 1403 1406 1473 fragilis
1462 1406 1514 1454 et
1570 1403 1767 1456 caduca
1821 1403 1941 1456 sub-

253 1477 450 1529 stantia
497 1480 591 1545 est,
637 1495 746 1529 non
791 1495 1055 1530 meremur
1102 1477 1299 1529 talibus
1346 1477 1668 1548 magisteriis
1717 1477 1941 1530 institui.

254 1551 572 1604 Divinorum
615 1552 795 1620 itaque
835 1552 1070 1604 virorum
1111 1552 1336 1621 vestigia
1376 1554 1657 1616 sectemur,
1709 1555 1762 1604 et
1801 1552 1942 1620 quic-

257 1625 384 1694 quid
425 1625 488 1677 ab
531 1624 637 1678 illis
670 1626 927 1677 traditum
960 1629 1053 1694 est,
1081 1646 1181 1674 *am
1207 1625 1740 1695 interpretationibus
1773 1628 1940 1678 trans·
1967 1646 2009 1678 20

166 1697 235 1750 38
253 1700 498 1751 feramus.
542 1698 645 1751 Sed
669 1699 794 1752 nolo
827 1699 1081 1752 Lolliane
1108 1700 1264 1752 decus
1296 1703 1540 1752 nostrum
1572 1699 1698 1768 <111>
1731 1699 1846 1751 istis
1878 1700 1943 1751 li-

254 1774 363 1826 bris
395 1772 781 1842 Myriogenesis
813 1775 1129 1842 requiratur.
1180 1773 1311 1826 Cum
1347 1773 1486 1825 enim
1519 1773 1622 1826 hoc
1655 1792 1788 1842 opus
1822 1791 1943 1825 cum

254 1847 435 1900 favore
498 1847 715 1915 propitii
786 1849 1018 1900 numinis
1085 1848 1421 1900 mediocritas
1486 1851 1669 1900 nostra
1731 1849 1944 1916 conple-

255 1921 406 1988 verit,
453 1924 582 1974 tunc
627 1920 727 1974 tibi
775 1922 892 1973 aliis
934 1920 1038 1973 XII
1075 1922 1227 1975 libris
1275 1921 1420 1974 illius
1468 1921 1643 1990 operis
1682 1921 1940 1974 intimabo

256 1998 468 2047 secreta.
558 1994 660 2047 Sed
707 2014 847 2048 nunc
894 1995 1219 2065 pedetentim
1267 1995 1513 2048 discenda
1564 1999 1690 2047 sunt
1740 1995 1940 2048 omnia:
1967 2015 2008 2048 25

257 2069 411 2122 aliter
466 2070 606 2120 enim
663 2070 728 2121 ad
783 2069 1196 2139 Myriogenesim
1251 2069 1429 2122 venire
1483 2087 1592 2122 non
1646 2087 1942 2138 possumuS‚

255 2143 359 2195 nisi
391 2161 537 2195 mens
569 2145 986 2213 nostraprimae
1015 2143 1370 2196 institutionis
1396 2147 1594 2196 secreta
1621 2143 1942 2213 cognoverit.

378 2249 399 2286 1
427 2244 707 2300 generaliter
731 2246 811 2303 κσ]
838 2245 1054 2302 genitura
1071 2245 1330 2303 (geniturae
1349 2247 1407 2300 Δ)
1435 2245 1592 2299 aliter,
1618 2246 1674 2299 cf.
1693 2249 1734 2299 4,
1754 2259 1787 2289 5.
1814 2249 1878 2299 19,
1897 2258 1919 2287 2
1927 2263 1945 2300 ‚-

258 2309 282 2346 2
315 2303 444 2360 vera]
480 2318 572 2346 una
597 2319 623 2346 a.
651 2306 655 2354 Ι
686 2304 820 2361 signa
852 2305 1037 2361 singula
1063 2308 1101 2348 A
1210 2310 1235 2347 4
1262 2319 1376 2359 quas
1401 2304 1468 2347 ibi
1498 2306 1543 2347 Γ
1643 2309 1668 2347 5
1701 2317 1941 2360 processus

263 2365 307 2405 Γ
425 2367 446 2404 7
481 2363 796 2406 ordinationes
831 2364 1088 2419 explicatas
1122 2367 1160 2407 Δ
1198 2366 1202 2419 1
1238 2363 1430 2406 minutis
1463 2364 1544 2420 κσ]
1580 2364 1785 2406 omnium
1822 2366 1827 2418 Ι
1862 2363 1942 2407 110-

258 2421 460 2477 roscopis
492 2435 604 2466 corr.
630 2436 692 2465 κσ
784 2427 808 2465 9
843 2436 896 2465 ao
928 2423 1076 2480 ΑΒΔ]
1110 2425 1157 2466 et
1191 2422 1195 2480 Ι
1247 2424 1292 2465 et
1318 2422 1388 2480 σζ]
1422 2422 1502 2465 sed
1597 2427 1650 2464 10
1682 2422 1943 2465 verisimili-

258 2481 344 2523 bus
371 2483 457 2523 AG
550 2487 600 2524 11
638 2480 886 2536 explicavit
911 2485 934 2534 ζ
1026 2487 1077 2524 12
1102 2483 1311 2525 minutae
1336 2484 1375 2523 Δ
1405 2483 1410 2537 Ι
1439 2480 1651 2524 MACCC.
1670 2486 1706 2523 A
1731 2480 1943 2525 MVCCC.

258 2543 379 2581 BOG
410 2539 593 2582 MVIIIC
623 2545 702 2582 DE
738 2545 850 2584 1800
875 2545 914 2582 N
1015 2547 1067 2584 13
1099 2556 1191 2583 una
1223 2540 1403 2582 minuta
1436 2554 1546 2584 corr.
1572 2555 1601 2582 v
1629 2542 1634 2597 Ι
1663 2540 1942 2583 constitutus

263 2600 309 2640 Γ
330 2600 335 2653 Ι
366 2598 586 2641 describit
611 2601 648 2641 Δ
745 2604 798 2642 14
823 2599 904 2642 1110
927 2601 1021 2657 Na]
1047 2600 1128 2643 illo
1154 2601 1286 2643 ceteri
1309 2598 1396 2654 (illi
1421 2601 1472 2654 Ε)
1568 2603 1619 2642 17
1647 2599 1942 2655 disciplinam

260 2657 307 2698 in
349 2657 483 2700 nobis
523 2673 633 2702 corr.
661 2675 686 2700 κ
811 2663 863 2701 19
898 2661 1126 2702 sectamur
1159 2662 1339 2711 ABOG‚
1372 2672 1483 2702 corr.
1511 2657 1562 2700 A‘
1685 2663 1739 2701 20
1765 2658 1940 2717 (fidis)

260 2716 500 2771 interpret.
526 2734 552 2759 κ
600 2717 861 2760 manifestis
895 2720 918 2770 ζ
1067 2724 1119 2761 21
1155 2718 1261 2762 add.
1288 2719 1311 2768 ζ
1460 2722 1513 2759 23
1547 2730 1714 2772 pavore
1739 2721 1823 2758 'Go

262 2778 317 2816 24
342 2773 467 2818 illius
501 2776 652 2830 operis
686 2791 767 2819 om.
795 2779 833 2819 Δ
928 2781 981 2819 25
1007 2776 1294 2832 pedetentim
1320 2774 1440 2833 A‘A]
1468 2776 1635 2831 pedete
1667 2780 1785 2818 BGO
1816 2778 1821 2832 Ι
1850 2775 1942 2818 dis-

262 2833 409 2875 cenda
453 2838 558 2877 sunt
591 2835 632 2892 σ]
679 2835 930 2878 descendas
975 2836 1205 2890 (detentas
1240 2838 1271 2876 B
1320 2835 1528 2878 dicendis
1562 2837 1625 2891 G).
1661 2835 1776 2878 Sunt

263 2895 316 2934 27
356 2892 531 2947 primae
564 2892 610 2950 a]
644 2894 818 2950 aprime
857 2897 901 2937 Γ
927 2894 1137 2950 apprime
1170 2898 1208 2938 A
