2090 3198
784 147 891 192 VIII
922 152 992 202 29,
1018 160 1156 192 7—14.
1708 148 1813 200 351

126 270 341 322 buerint
378 266 753 338 horoscopum,
792 271 948 321 erunt
986 267 1253 320 hieroduli
1299 268 1440 321 servi
1478 268 1817 337 templorum,

128 344 184 395 in
225 362 496 397 sacrorum
536 342 871 396 caerimoniis
903 343 1136 410 hymnos
1169 342 1418 395 dicentes.
1472 340 1538 394 In
1567 340 1816 395 XXVIII.
1838 344 1903 395 11

126 421 278 486 parte
317 416 545 486 Aquarii
585 418 923 486 quicumque
946 415 1196 468 habuerit
1234 415 1608 485 horoscopum,
1657 416 1817 485 poda-

127 492 305 562 gricus
345 491 460 544 erit.
536 490 600 544 In
631 490 825 543 XXIX.
856 493 1007 559 parte
1038 488 1265 558 Aquarii
1298 489 1621 559 quicumque
1651 489 1817 542 habu·

66 584 101 618 ‘5
127 567 229 618 erit
266 566 640 635 horoscopum,
679 566 771 628 <in
810 564 1031 617 desertis
1078 564 1212 617 locis
1252 582 1283 615 a
1320 563 1507 616 bestiis
1551 563 1817 617 laceratus

127 640 439 708 occiditur.)
502 639 560 692 Si
598 638 743 691 Mars
791 638 848 690 in
887 639 1005 707 ipsa
1042 641 1194 707 parte
1232 638 1396 690 fuerit
1435 639 1699 707 inventuS,
1731 640 1818 690 vel

127 715 198 766 sit
222 713 342 782 <ei>
366 713 605 782 qualibet
628 713 923 766 radiatione
948 713 1280 780 coniunctuS,
1312 712 1376 764 de
1404 714 1514 765 alto
1545 713 1816 781 proiectus

126 788 469 858 claudicabit3
502 787 696 856 quodsi
721 786 981 840 Saturnus
1005 786 1215 853 viderit,
1246 787 1518 839 morietur.
1561 786 1624 838 In
1647 786 1814 839 XXX.
1837 787 1907 839 12

126 866 278 931 parte
332 861 559 931 Aquarii
615 860 938 930 quicumque
991 860 1279 913 habuerint
1332 861 1708 930 horoscopum,
1771 861 1815 913 si

60 955 103 987 10
126 936 355 1004 †Lunae
384 936 660 1006 appositae
688 935 948 988 Saturnus
974 952 1310 1003 quacumque
1333 936 1498 987 fuerit
1521 935 1816 987 radiatione

128 1011 460 1079 coniunctus,
507 1008 887 1078 horoscopanti
936 1009 1142 1062 scilicet
1178 1010 1334 1078 parti,
1374 1012 1530 1062 erunt
1567 1009 1818 1079 longaevi

124 1084 348 1154 nobileS,
389 1084 482 1136 sed
514 1084 709 1153 quibus
748 1101 1001 1152 processu
1033 1083 1294 1153 temporis
1327 1083 1508 1136 omnia
1543 1082 1816 1136 felicitatis

125 1158 358 1229 insignia
381 1159 735 1211 conferantur.
777 1156 1005 1219 Quidam
1029 1157 1411 1240 negotiationis
1436 1174 1594 1210 causa
1610 1157 1818 1241 grande

123 1234 349 1316 pelagus
395 1233 717 1285 transibunt
798 1232 974 1284 Erunt
1023 1249 1149 1283 sane
1197 1231 1311 1283 sine
1359 1231 1501 1296 filiis,
1539 1232 1818 1302 privignos

58 1324 101 1357 15
126 1325 251 1360 suos
299 1307 355 1358 in
401 1308 523 1360 loco
571 1307 804 1358 filiorum
851 1305 1139 1358 habebunt.
1215 1305 1387 1358 Extra
1423 1308 1603 1374 partes
1644 1305 1818 1376 Sagit-
1838 1306 1906 1358 13

122 1382 248 1432 tarii
288 1382 460 1433 oritur
498 1380 708 1433 Falcis
744 1379 958 1448 Lupus
989 1379 1310 1449 Aquarius
1350 1381 1556 1432 minor
1595 1383 1647 1432 et
1679 1379 1817 1431 Ara.

125 1453 188 1507 In
204 1454 363 1508 Falce
382 1455 704 1524 quicumque
728 1453 975 1507 habuerit
995 1454 1373 1524 horoscopum,
1396 1455 1498 1507 erit
1520 1457 1699 1507 arator
1724 1454 1818 1522 qu'i

128 1547 342 1598 campos
398 1529 578 1583 colens
630 1528 827 1581 multas
873 1528 1263 1581 frumentorum
1312 1527 1492 1596 copias
1539 1528 1770 1598 colligat.
1790 1545 1851 1580 foc.
1864 1539 2001 1574 113011

124 1601 188 1655 In
229 1621 319 1656 ore
354 1603 495 1672 Lupi
535 1603 858 1671 quicumque
894 1602 1142 1655 habuerit
1172 1602 1549 1671 horoscopum,
1588 1603 1689 1656 erit
1720 1602 1818 1655 sal-

60 1694 102 1726 20
126 1681 291 1746 tator;
334 1680 622 1730 attestante
662 1676 834 1729 Marte
875 1677 1184 1730 comedetur
1224 1696 1254 1728 a
1292 1676 1525 1729 canibus
1596 1675 1659 1728 In
1698 1678 1816 1744 ipso

124 1751 279 1820 Lupo
317 1752 642 1820 quicumque
673 1750 958 1803 habuerint
996 1751 1370 1819 horoscopum,
1411 1754 1568 1803 erunt
1606 1750 1817 1803 fraudu-

123 1825 257 1877 lenti
304 1826 450 1878 fures
498 1825 737 1878 crudeles
784 1825 1099 1895 homicidae,
1146 1826 1240 1894 qui
1286 1828 1339 1878 et
1386 1843 1509 1876 suos
1557 1827 1611 1877 et
1651 1827 1817 1877 extra-

125 1917 254 1951 neos
280 1899 483 1951 crudeli
505 1899 733 1953 feritatis
759 1900 1040 1952 atrocitate
1064 1899 1382 1969 percutiant.
1439 1897 1543 1950 Sed
1568 1902 1620 1952 et
1644 1899 1819 1967 (ipsi)

125 1973 427 2026 biothanati
487 1973 685 2026 mortui
741 1973 996 2042 insepulti
1050 1973 1392 2042 proicientur.
1487 1971 1550 2024 In
1599 1973 1817 2025 sinistro

59 2063 102 2096 26
125 2047 260 2116 pede
283 2047 423 2115 Lupi
456 2048 779 2116 quicumque
809 2047 1096 2100 habuerint
1122 2047 1499 2115 horoscopum,
1530 2050 1819 2100 attestante

126 2120 315 2187 Marte,
347 2140 378 2173 a
409 2121 709 2174 latronibus
741 2121 982 2189 percussi
1013 2121 1279 2173 luxabunt
1310 2120 1486 2189 pedes.
1533 2119 1598 2173 In
1629 2121 1816 2173 dextro

126 2196 259 2279 pede
298 2194 438 2263 Lupi
478 2195 800 2264 quicumque
839 2195 1124 2247 habuerint
1163 2195 1541 2264 horoscopum,
1574 2195 1817 2247 frenetici

126 2271 181 2321 in
221 2269 397 2338 primo
437 2269 628 2321 aetatis
661 2273 900 2337 tempore
931 2270 1239 2322 morientur.
1301 2268 1366 2321 In
1397 2270 1568 2337 capite
1592 2268 1818 2337 Aquarii
1839 2269 1908 2322 14

126 2342 348 2395 minoris
398 2344 718 2411 quicumque
767 2342 1014 2396 habuerit
1052 2342 1433 2411 horoscopum,
1478 2361 1573 2412 per
1610 2343 1816 2396 deserta

248 2537 269 2575 1
297 2532 496 2576 ieroduli
525 2534 612 2576 ΓΝ
734 2538 759 2576 2
791 2532 840 2576 in
866 2547 948 2577 om.
975 2536 1015 2576 A
1135 2538 1162 2575 3
1194 2533 1285 2577 erit
1306 2532 1587 2589 podagricus
1611 2537 1650 2574 N
1682 2534 1819 2576 ciunt

125 2590 370 2648 podagrici
401 2597 436 2633 D
569 2595 595 2634 5
628 2592 735 2635 add.
767 2597 806 2634 N
941 2596 964 2635 7
998 2592 1061 2635 sit
1091 2592 1133 2650 ζ]
1166 2592 1206 2635 si
1240 2594 1288 2636 Γ
1313 2606 1396 2637 om.
1430 2595 1470 2635 Δ
1530 2593 1535 2649 Ι
1593 2592 1698 2635 add
1733 2605 1759 2634 σ

129 2655 183 2694 10
216 2651 460 2706 oppositae
482 2664 512 2692 v
542 2650 676 2694 Luna
703 2651 919 2707 apposita
943 2666 968 2695 σ
1091 2656 1145 2695 14
1178 2664 1289 2694 sane
1321 2666 1404 2696 om.
1431 2654 1470 2695 Δ
1596 2655 1648 2694 16
1681 2649 1816 2693 falcis

125 2710 357 2754 noluimus
388 2711 628 2754 obscurare
658 2709 756 2752 falx
786 2714 863 2752 Ην
929 2711 938 2767 1
1004 2709 1142 2766 lupus
1185 2710 1319 2766 lepus
1355 2712 1477 2754 an
1629 2714 1680 2752 17
1716 2709 1816 2765 qui-

126 2781 308 2824 cunque
332 2768 390 2826 N]
416 2768 497 2823 qui
618 2773 671 2812 21
704 2769 923 2812 habuerit
946 2772 986 2812 Δ
1110 2773 1166 2812 23
1197 2769 1456 2812 ferocitatis
1482 2771 1568 2811 AG
1609 2771 1616 2824 Ι
1659 2770 1818 2812 aucto·

126 2827 266 2871 ritate
291 2830 331 2871 Δ
390 2830 395 2884 Ι
454 2829 502 2872 et
533 2842 615 2872 om.
642 2830 681 2871 Δ
741 2830 748 2884 Ι
806 2829 912 2872 add.
938 2832 963 2880 ζ
1081 2833 1137 2872 24
1168 2828 1460 2884 proiciuntur
1483 2830 1523 2870 A
1647 2832 1702 2870 25
1735 2827 1815 2869 ha-

127 2886 282 2930 buerit
313 2889 352 2930 A
476 2891 531 2930 28
563 2888 770 2943 tempore
807 2888 872 2945 Γ]
913 2887 1067 2943 spatio
1099 2890 1139 2930 A
1199 2890 1205 2943 Ι
1262 2887 1454 2930 minoris
1487 2886 1682 2942 Aquarii
1719 2888 1764 2930 Γ

129 2950 183 2988 29
214 2946 391 2989 horosc.
424 2945 531 2988 hab.
564 2948 604 2989 A
