2066 3192
780 138 847 184 VI
876 143 948 195 24,
973 151 1089 184 1—7.
1674 138 1779 193 125

205 261 613 332 [Coniunctio
660 259 888 313 Martis
935 263 997 313 et
1042 260 1384 330 Mercurii]
1450 258 1509 312 Si
1546 259 1693 313 Mars
1734 259 1838 315 et5

96 336 391 389 Mercurius
429 335 486 388 in
525 334 710 387 eodem
751 335 905 405 signo
950 335 1151 404 pariter
1196 335 1476 388 constituti
1522 336 1789 403 aequabili

95 410 363 463 societatis
401 411 665 480 potestate
704 409 1009 480 iungantur,
1049 409 1296 462 cordatos
1337 409 1550 478 quidem
1593 413 1647 462 et
1681 429 1789 464 ma-

2 498 9 502 ·
94 484 357 537 ximarum
398 483 801 553 disciplinarum
841 483 1032 536 studiis
1072 483 1307 536 eruditos
1318 526 1332 551 ,
1379 483 1471 536 sed
1508 484 1786 538 mendaces

0 590 6 635 ;
51 578 70 611 5
94 559 199 611 ista
253 558 557 612 coniunctio
605 561 659 609 et
705 557 851 610 omni
897 557 1103 610 malitia
1148 557 1309 610 faciet
1354 557 1669 628 instructos„
1727 563 1789 612 ut

0 659 7 697 μ
95 634 370 703 ingenium
410 650 566 685 suum
606 631 671 684 ad
711 649 867 684 omne
903 649 1070 701 genus
1104 632 1612 700 circumscriptionis
1645 651 1788 688 exer-

0 698 13 794 ἰ,
96 710 271 776 ceant,
321 709 375 759 et
411 710 472 758 ut
511 706 569 758 in
607 706 853 758 omnibus
896 705 1274 759 certaminibus
1314 706 1585 759 malitiosa
1622 707 1790 761 velint

0 803 17 875 ἰ
96 799 305 849 semper
349 780 789 851 tergiversatione
847 780 1178 834 contendere.
1250 779 1448 843 Quodsi
1499 782 1659 834 istam
1708 801 1786 835 so·
1806 779 1838 830 6

0 878 18 940 ξ
96 856 342 908 cietatem
375 853 617 924 Iuppiter
648 858 914 924 oportuna
944 854 1241 908 radiatione
1275 855 1582 925 respexerit,
1622 856 1788 909 athle-

50 951 72 983 ο
94 931 231 982 ticae
271 929 583 999 disciplinae
623 929 911 982 decernunt
942 929 1177 1000 gloriosa
1209 931 1514 982 certamina.
1586 928 1789 992 Quodsi

0 942 48 1112 Γ
95 1003 195 1056 hos
236 1022 418 1057 omnes
450 1003 633 1056 Venus
674 1002 854 1072 aliqua
893 1003 1187 1056 radiatione
1218 1005 1528 1073 respexerit,
1566 1005 1633 1057 ad
1663 1024 1787 1074 pue-

95 1096 277 1131 rorum
310 1096 516 1131 amores
546 1096 711 1146 prava
743 1077 1034 1147 cupiditate
1066 1079 1261 1131 mentis
1294 1078 1541 1150 inpingit.
1613 1078 1788 1142 Quod-

0 1111 21 1279 !
96 1153 143 1205 si
180 1152 266 1205 his
306 1152 554 1205 omnibus
594 1150 812 1204 Saturni
850 1152 1030 1204 radius
1066 1152 1360 1221 accesserit,
1399 1153 1457 1206 hi
1490 1171 1625 1222 quos
1657 1154 1787 1207 dixi-

4 1282 18 1316 =t
97 1245 214 1280 mus
254 1226 405 1296 gravi
442 1216 797 1295 pulsabuntur
833 1226 1139 1295 (infamia).
1219 1196 1420 1289 Quodsi
1462 1227 1690 1282 Martem
1736 1223 1836 1282 et7

3 1322 71 1383 με
95 1301 419 1354 Mercurium
481 1301 680 1370 pariter
741 1302 1061 1354 constitutos
1125 1299 1220 1353 Sol
1282 1302 1408 1354 orbe
1462 1320 1558 1355 suo
1612 1303 1788 1356 vicino

96 1374 451 1445 absconderit,
504 1375 717 1444 sintque
771 1393 954 1428 omnes
1009 1376 1067 1427 in
1119 1374 1299 1443 aliquo
1354 1377 1631 1446 geniturae
1682 1396 1789 1430 car-

4 1479 18 1530 ἰ
96 1449 233 1518 dine,
271 1449 326 1502 id
365 1452 446 1502 est
475 1449 620 1502 Mars
652 1449 949 1504 Mercurius
988 1449 1187 1519 pariter
1222 1454 1276 1502 et
1308 1449 1402 1502 Sol
1433 1451 1594 1503 simul
1623 1453 1790 1521 positi

9 1536 21 1554 ’-
95 1525 301 1577 Lunam
356 1523 645 1592 respiciant
702 1525 758 1576 in
808 1524 989 1592 aliquo
1040 1525 1317 1595 geniturae
1369 1525 1580 1578 cardine
1631 1529 1791 1580 collo-

97 1601 289 1667 catam,
332 1597 529 1651 facient
567 1597 810 1651 homines
850 1598 1106 1652 scelerata
1146 1598 1437 1668 cupiditate
1475 1600 1670 1654 mentis
1710 1619 1789 1653 ar-

29 1694 73 1728 80
96 1675 284 1743 matos,
323 1673 389 1724 ad
428 1691 584 1725 omne
622 1672 828 1725 facinus
869 1691 1078 1742 semper
1116 1673 1425 1743 applicatOS,
1469 1677 1521 1726 et
1561 1693 1788 1744 quorum

8 1794 9 1798 ,
98 1747 240 1800 dicta
294 1747 473 1799 omnia
526 1746 692 1800 falsus
748 1765 920 1800 sermo
976 1765 1184 1817 semper
1237 1749 1538 1801 inmaculet.
1614 1749 1791 1802 Erunt

97 1821 256 1873 etiam
307 1821 441 1874 tales
486 1839 714 1890 quorum
755 1822 915 1874 etiam
954 1822 1255 1875 facinorosa
1293 1826 1591 1876 commenta
1628 1825 1789 1877 latro-

8 1863 24 2180 ᾗ
96 1914 224 1948 num
278 1894 564 1948 sceleribus
619 1899 989 1965 conparentur.
1066 1895 1140 1948 Hi
1195 1897 1577 1966 scripturarum
1629 1898 1790 1951 fidem

11 2213 25 2654 5

12 2508 24 2553 Ξ

14 2562 27 2599 s

217 2076 243 2114 3
286 2074 388 2125 174,
415 2074 443 2114 7
474 2070 679 2142 ψεύστας
707 2069 805 2127 μέν,
839 2072 1056 2122 συνετους
1088 2070 1140 2116 δὲ
1171 2072 1251 2116 καὶ
1282 2075 1463 2117 πολλῶν
1497 2072 1649 2127 ἴδριας
1679 2071 1786 2118 κατ’

99 2130 277 2187 ἐξοχήν,
309 2131 415 2185 περὶ
443 2126 615 2184 κρίσεις
639 2130 700 2203 ὡς
722 2129 780 2174 τὰ
803 2130 950 2175 πολλὰ
975 2132 1054 2174 καὶ
1077 2129 1367 2189 πανουργίας
1392 2132 1604 2190 ἔχοντας·
1638 2131 1792 2184 ἐνίους

99 2188 376 2247 γυμναστάς,
408 2188 633 2245 ἀθλητάς,
672 2187 892 2247 ἡνιόχους
921 2190 1002 2234 καὶ
1034 2192 1084 2235 ἐκ
1115 2190 1291 2235 τούτων
1322 2191 1577 2248 ἐπισήμους
1607 2192 1788 2250 γινομέ-

99 2265 221 2303 νους,
256 2248 383 2303 εἴπερ
417 2248 460 2292 οἱ
493 2248 781 2321 ἀγαθοποιοὶ
814 2248 1002 2305 ὁρῶσιν
1059 2251 1150 2306 (12)
1185 2265 1304 2306 ομως
1326 2252 1637 2306 παιδερασταὶ
1663 2251 1789 2296 ἔσον-

98 2324 189 2363 ται,
222 2309 302 2352 καὶ
335 2308 375 2352 εἰ
409 2307 432 2351 6
465 2305 646 2362 Κρόνος
680 2307 789 2363 ἴδοι,
820 2306 973 2382 ’ψόγον
1005 2310 1151 2353 πολὺν
1185 2309 1234 2354 ἐν
1266 2309 1448 2361 τούτοις
1480 2309 1669 2356 ἐποίσει.

102 2372 156 2410 14
190 2371 292 2421 174,
319 2371 378 2412 16
410 2367 451 2411 εἰ
482 2366 533 2411 δε
564 2373 646 2411 τοῦ
665 2365 829 2440 Ἄρεως
853 2369 931 2411 καὶ
948 2365 1124 2424 Ερμοῦ
1151 2368 1385 2414 συνόντων
1410 2368 1545 2414 αὐτοί
1567 2387 1615 2414 τε
1639 2369 1789 2414 &mxv-

100 2443 174 2483 γοι
215 2427 451 2481 εὑρεθεῖεν
496 2426 575 2470 καὶ
615 2426 735 2470 κατά
772 2443 816 2471 τι
854 2426 1046 2482 κέντρον
1078 2429 1169 2486 (18)
1200 2429 1280 2472 καὶ
1314 2427 1377 2472 ἔτι
1411 2429 1437 2484 ἡ
1472 2429 1652 2487 Σελήνη
1684 2430 1789 2473 τού-

100 2501 208 2536 τους
247 2484 347 2547 ὁρᾷ,
391 2483 670 2543 κακόβουλοι
711 2485 894 2530 ἔσονται
930 2487 1008 2530 καὶ
1039 2494 1253 2544 ψεῦσται,
1286 2490 1378 2545 (22)
1410 2491 1584 2547 λῃστῶν
1614 2487 1790 2545 τρόπον

220 2652 245 2691 9
278 2648 530 2692 athleticae
562 2664 589 2691 κ
621 2648 695 2705 (cf.
721 2652 797 2703 82,
825 2649 880 2707 7)]
913 2662 968 2693 ac
998 2649 1186 2695 leticiae
1217 2655 1255 2693 N
1288 2653 1333 2708 (i.
1360 2666 1393 2696 e
1431 2651 1669 2709 acleticae)

104 2710 156 2749 13
189 2706 226 2749 ii
257 2708 381 2762 quod
411 2712 450 2749 N
482 2710 758 2752 correximus
866 2713 919 2751 14
952 2710 1058 2753 add.
1085 2714 1109 2762 ζ
1137 2712 1194 2765 cf.
1225 2711 1539 2755 Catal.15
1573 2711 1674 2754 orbi
1707 2726 1789 2755 suo

16 2791 20 2825 3
101 2765 278 2810 vicinos
311 2769 335 2819 ζ
454 2772 507 2809 16
541 2766 785 2823 geniturae
817 2769 860 2824 σ]
894 2767 1080 2824 cognito
1113 2774 1152 2811 N
1196 2769 1432 2813 coniuncti
1464 2787 1491 2813 κ
1616 2775 1668 2815 18
1701 2770 1788 2813 Lu-

16 2843 25 2851 ..
101 2838 302 2881 namque
327 2840 352 2868 σ
385 2826 469 2883 <et
500 2826 583 2869 hos
618 2840 775 2869 omnes
809 2826 873 2869 sic
905 2827 1118 2886 positos>
1143 2828 1274 2871 Luna
1298 2829 1564 2885 respiciat.
1613 2829 1789 2873 ,collo-

15 2912 30 2948 ,χ
104 2886 208 2927 cata
241 2886 264 2936 ζ
292 2885 349 2939 ef.
379 2886 525 2930 Catal.
570 2887 575 2939 Ι
617 2885 873 2940 respiciant
904 2887 951 2944 κ]
982 2887 1215 2943 recipiant
1238 2893 1277 2930 N
1398 2893 1454 2932 20
1486 2889 1735 2944 applicitos
1769 2891 1793 2941 ζ

15 2956 35 3007 ς,
138 2947 217 2988 ,23
252 2947 579 3000 comparantur
610 2949 648 2986 N
679 2959 791 2988 corr.
818 2948 843 2996 ζ
881 2947 886 3000 Ι
929 2946 998 3004 hi]
1031 2946 1089 2988 iis
1121 2951 1159 2988 N
