2066 3192
815 121 857 167 V
887 128 930 180 3,
954 137 1112 169 11—16.
1731 123 1801 176 33

113 248 236 299 talis
283 264 465 300 eorum
512 246 613 298 erit
660 245 785 313 vita,
833 248 895 297 ut
940 247 994 298 et
1040 247 1298 312 quaerant
1343 263 1552 314 semper
1598 247 1651 296 et
1688 263 1803 313 per-

112 321 254 373 dant.
325 318 429 373 Sed
466 319 702 388 pericula
739 336 804 370 ex
842 318 1148 372 turbatione
1187 316 1367 387 aliqua
1405 321 1498 371 aut
1536 336 1601 371 ex
1637 318 1804 388 aegri-

112 394 389 447 tudinibus
419 393 708 461 habebunt,
747 392 885 445 sed
870 411 927 446 in
958 391 1307 446 ebdomaticis
1340 395 1393 446 et
1424 394 1482 445 in
1513 392 1803 446 enneaticis

112 469 280 538 annis,
305 467 558 536 quamdiu
582 465 781 519 XXIII.
806 468 996 520 aetatis
1020 485 1219 520 annum
1244 467 1567 520 transierint.
1616 465 1802 535 Usque
1824 450 1892 502 14

68 565 87 597 τ,
111 543 179 596 ad
216 542 355 596 hanc
393 543 534 594 enim
573 545 801 594 aetatem
839 541 1086 594 maximis
1124 541 1376 610 periculis
1418 541 1803 612 fatigabuntur.

113 616 316 679 Quodsi
361 615 723 685 periculorum
770 619 1011 685 tempore
1058 616 1336 669 benivolae
1383 615 1566 676 stellae
1608 615 1804 668 habue-

111 691 221 744 rint
259 695 560 759 temporum
603 690 935 743 dominatum
967 691 1051 743 vel
1083 687 1375 742 Saturnum
1407 689 1492 743 vel
1528 690 1803 743 dominum

112 766 389 836 geniturae
427 783 683 833 prospera
721 765 1016 818 radiatione
1053 765 1406 834 respexerint,
1448 765 1535 817 vel
1574 764 1618 817 si
1658 764 1802 817 beni-

111 841 234 892 vola
280 841 435 892 stella
481 839 645 892 fuerit
691 839 968 910 geniturae
1015 838 1229 892 domina
1269 842 1323 892 et
1361 839 1494 891 bene
1532 838 1603 890 sit
1642 841 1802 892 collo-

46 936 89 968 ιο
113 918 254 977 cata,
315 913 642 966 venientium
695 914 1054 982 periculorum
1109 913 1418 966 discrimina
1472 913 1802 984 mitigantur.

113 987 312 1051 Quodsi
354 992 595 1056 tempore
634 987 995 1057 periculorum
1036 987 1174 1040 sicut
1213 987 1444 1040 diximus
1480 1006 1511 1039 a
1541 987 1803 1041 benivolis

113 1063 284 1116 stellis
323 1062 570 1133 genitura
607 1062 773 1115 fuerit
812 1063 1018 1134 adiuta,
1066 1065 1223 1115 erunt
1269 1062 1580 1115 amissiones
1620 1080 1804 1130 paren-

112 1141 228 1189 tum
283 1140 375 1189 aut
428 1137 654 1189 fratrum
712 1141 806 1190 aut
859 1156 924 1190 ex
979 1154 1257 1190 causarum
1316 1136 1803 1189 conflictationibus

114 1210 231 1280 [aut
268 1210 356 1280 ex]
397 1211 604 1279 damna,
650 1212 742 1264 sed
781 1213 894 1281 ipse
934 1230 1000 1264 ex
1039 1210 1288 1263 omnibus
1326 1211 1577 1281 periculis
1616 1211 1805 1264 libera-

45 1307 88 1340 ιε
111 1286 269 1338 bitur.
342 1283 446 1338 Sed
486 1303 606 1338 cum
645 1288 702 1339 in
735 1286 984 1339 domibus
1018 1286 1127 1339 suis
1162 1283 1422 1338 Saturnus
1454 1285 1616 1338 fuerit
1647 1286 1804 1353 <con-

111 1360 369 1426 stitutus>
379 1402 393 1429 ,
439 1363 568 1412 tunc
608 1360 800 1413 damna
837 1364 968 1413 tunc
1006 1363 1351 1428 tempestates
1396 1364 1526 1412 tunc
1571 1360 1807 1428 pericula

112 1438 243 1487 tunc
282 1435 639 1504 aegritudines
679 1439 807 1488 tunc
847 1453 1032 1489 causas
1073 1434 1287 1486 assidua
1315 1434 1522 1487 ratione
1555 1434 1803 1487 decernit.

114 1508 217 1561 Sed
255 1508 311 1560 in
351 1509 622 1562 diametris
671 1510 951 1562 domorum
1002 1527 1216 1562 suarum
1255 1509 1300 1560 si
1339 1508 1503 1561 fuerit
1541 1509 1805 1579 inventuS,

110 1582 242 1635 haec
289 1582 471 1637 eadem
518 1584 680 1636 simili
720 1585 928 1636 ratione
968 1583 1218 1637 decernit.
1294 1581 1360 1635 In
1400 1581 1639 1635 Geminis
1680 1601 1805 1636 vero
1828 1582 1895 1634 15

45 1679 88 1711 20
113 1675 233 1709 cum
271 1657 448 1726 fuerit,
487 1658 784 1728 exagitabit
823 1676 912 1711 eos
945 1661 998 1711 et
1028 1659 1321 1726 repentinis
1354 1656 1807 1710 sollicitudinibus

115 1734 168 1783 et
205 1731 458 1800 periculis
506 1732 802 1802 inplicabit.
880 1732 1031 1785 Tunc
1083 1732 1225 1784 enim
1280 1735 1333 1784 et
1386 1732 1682 1785 infortunia
1732 1732 1807 1784 in-

115 1805 266 1874 dicit,
309 1810 362 1859 et
400 1807 606 1859 tamdiu
646 1808 906 1860 malorum
947 1806 1175 1859 istorum
1215 1806 1615 1859 continuatione
1656 1825 1808 1875 quas-

115 1879 270 1948 sabit,
310 1881 562 1949 quamdiu
596 1879 784 1935 Cancri
823 1884 1060 1934 transeat
1098 1881 1327 1950 signum.
1399 1879 1532 1932 Cum
1572 1883 1712 1933 enim
1752 1881 1808 1933 in

115 1955 350 2022 tropicas
403 1954 591 2008 Cancri
636 1955 843 2008 venerit
897 1958 1076 2024 partes
1132 1953 1407 2023 SaturnuS,
1462 1958 1588 2008 tunc
1643 1956 1807 2008 iactu—

46 2049 89 2082 25
113 2047 227 2080 ram
281 2030 591 2098 patrimonii
645 2030 806 2083 faciet
855 2032 907 2082 et
955 2029 1012 2081 in
1056 2029 1221 2082 tantis
1268 2029 1532 2100 angustiis
1580 2030 1773 2082 consti-
1788 2040 1932 2084 sol-⁶0⁰
1945 2045 1988 2075 ΙΙ

113 2105 251 2170 tuet,
288 2106 350 2154 ut
389 2121 478 2156 eos
517 2104 823 2156 humanitas
863 2103 1035 2156 aliena
1075 2105 1352 2156 sustentet.
1429 2102 1579 2156 Tunc
1618 2104 1806 2156 turbae

113 2179 244 2230 tunc
283 2177 568 2230 seditiones
608 2181 735 2230 tunc
767 2182 923 2230 erunt
954 2177 1101 2230 varia
1133 2179 1275 2230 vitae
1308 2177 1630 2231 discrimina.
1702 2177 1803 2231 Sed

116 2268 236 2303 cum
284 2250 518 2320 tropicas
565 2255 742 2320 partes
786 2250 974 2304 Cancri
1014 2249 1278 2304 Saturnus
1316 2251 1612 2320 transierit,
1658 2271 1806 2322 prae·

115 2324 356 2378 cedentia
387 2327 527 2378 mala
557 2327 747 2378 leviter
778 2326 1068 2394 sopientur,
1106 2329 1168 2378 ut
1206 2329 1259 2378 et
1290 2345 1319 2377 a
1352 2325 1805 2379 sollicitudinibus

47 2418 91 2450 8⁰
115 2402 167 2450 et
222 2417 252 2450 a
305 2399 556 2467 periculis
612 2404 935 2469 separentur.
1030 2399 1134 2453 Sed
1185 2404 1237 2452 et
1289 2418 1581 2468 numquam
1634 2402 1808 2470 prima
1828 2400 1895 2452 16

237 2519 258 2558 1
294 2518 341 2559 et
371 2517 488 2572 <post
519 2518 586 2571 ut)
619 2530 702 2560 om.
730 2519 770 2560 Δ
915 2521 939 2559 2
974 2530 1029 2559 ex
1053 2517 1192 2573 prius
1223 2530 1305 2560 om.
1332 2519 1371 2560 Δ
1507 2522 1531 2560 3
1565 2517 1613 2560 in
1638 2523 1805 2573 poster.

115 2588 198 2618 om,
227 2576 274 2618 Γ
388 2579 414 2617 4
447 2589 620 2618 annum
651 2576 749 2634 BD]
783 2575 893 2619 anni
925 2579 962 2617 A
1001 2588 1094 2619 ann
1127 2580 1160 2617 G
1191 2589 1272 2619 om.
1302 2579 1381 2618 ΟΝ
1500 2581 1522 2618 7
1558 2575 1805 2620 Saturnum

116 2658 173 2665 —-
197 2633 440 2689 geniturae
472 2634 532 2692 Δ]
566 2637 744 2678 Lunam
780 2637 827 2678 Γ
954 2639 1009 2678 10
1040 2634 1346 2692 venientium]
1381 2634 1543 2678 adven.
1570 2640 1606 2678 Δ
1653 2636 1805 2678 immi-

116 2692 328 2736 nentium
360 2695 463 2745 ζοῑ.
491 2697 565 2747 39,
590 2707 631 2737 18
761 2699 814 2737 13
848 2693 1191 2737 conflictatibus
1227 2696 1273 2737 Γ
1391 2699 1443 2736 1ι
1478 2696 1558 2737 aut
1591 2708 1645 2738 ex
1678 2695 1805 2738 dam-

116 2750 187 2794 nis
220 2766 331 2796 corr
358 2768 385 2794 a
493 2758 545 2795 15
579 2753 686 2797 add.
710 2757 788 2795 Ην
897 2757 949 2796 16
981 2754 1072 2811 leye
1102 2752 1280 2809 pericla
1396 2758 1448 2796 17
1474 2759 1514 2798 et
1541 2758 1593 2797 19
1626 2754 1806 2798 ratione

118 2810 178 2867 Δ]
210 2811 472 2856 radiatione
512 2816 517 2867 Ι
562 2811 652 2855 Sed
690 2812 729 2855 si
768 2812 798 2855 i.
832 2811 875 2855 d.
902 2812 945 2855 d
973 2812 1012 2855 si
1042 2811 1185 2855 fuerit
1216 2814 1255 2855 Δ
1410 2818 1465 2855 24
1505 2813 1708 2869 tropicas
1748 2814 1805 2870 N]

117 2869 308 2925 tropicis
341 2870 526 2927 (tropici
559 2873 611 2926 A)
655 2873 661 2927 Ι
702 2873 859 2927 partes
892 2871 948 2929 N]
981 2873 1162 2926 partem
1195 2870 1423 2926 (partibus
1458 2874 1509 2928 G)
1537 2876 1543 2927 Ι
1580 2872 1805 2915 Saturnus

117 2928 200 2972 del.
227 2931 251 2980 ζ
347 2934 402 2973 25
436 2930 682 2975 constituit
713 2933 752 2974 Δ
860 2935 914 2973 29
950 2932 997 2973 et
1026 2932 1079 2973 ut
1111 2933 1150 2974 Δ
1252 2933 1307 2971 30
1341 2932 1388 2972 et
1418 2944 1499 2974 sec.
1526 2945 1608 2975 om.
1638 2933 1676 2974 A
1710 2931 1754 2973 ei
1779 2948 1805 2974 κ

206 3010 297 3040 Fm.
285 3018 412 3049 neus,
438 3011 522 3042 edd.
546 3011 702 3051 Kroll,
730 3011 936 3042 Skutsch
960 3015 995 3043 et
1020 3013 1223 3052 Ziegler.
1265 3011 1315 3043 11.
1513 3007 1537 3045 3
