2100 3186
838 119 902 164 VI
935 123 1007 176 34,
1029 131 1146 164 4—9.
1736 113 1841 166 195

151 239 388 292 decernit
418 242 675 310 tempora,
705 239 980 293 felicitatis
1012 240 1174 292 etiam
1208 236 1500 291 commoda.
1562 234 1625 288 In
1654 234 1844 287 diurna

152 331 276 366 vero
300 313 548 384 genitura
571 314 862 367 mediocres
887 314 980 367 sed
1010 313 1249 366 assiduas
1283 312 1479 364 amoris
1511 308 1702 362 indicit
1731 309 1842 361 ifle-

150 387 356 456 cebraS,
400 389 712 456 praesertim
758 389 804 442 si
842 387 1107 441 Venerem
1152 387 1260 440 loci
1306 386 1425 439 vel
1419 383 1580 455 signi
1621 386 1815 436 natura
1831 397 1899 436 sot.
1908 391 1980 427 8⁵⁶
1991 394 2015 426 Ι

152 462 515 516 commoverit.

106 556 126 589 5
263 534 321 588 Si
358 534 601 605 Iuppiter
645 539 947 605 temporum
995 535 1243 588 dominus
1289 532 1453 586 fuerit
1492 533 1733 599 effectuS,
1780 529 1895 583 ex8

152 609 406 663 decennio
447 628 542 662 suo
582 609 847 664 Mercurio
879 609 982 661 XX
1022 609 1244 678 deputat
1282 625 1506 660 menses.
1578 605 1713 659 Cum
1748 605 1844 657 ita-

153 701 257 751 que
305 682 602 737 Mercurius
653 683 968 753 deputatum
1020 682 1124 735 sibi
1175 701 1206 734 a
1255 681 1384 735 Iove
1434 684 1648 750 tempus
1699 697 1844 733 acce-

149 758 303 826 perit,
342 757 577 810 decernit
616 760 767 811 actus
807 776 872 810 ex
904 758 1098 826 quibus
1130 757 1367 809 maxima
1396 757 1669 808 lucrorum
1703 771 1845 807 com-

150 830 309 884 moda
354 832 711 902 conferantur,
758 836 811 885 et
857 833 1210 901 plurimarum
1259 849 1319 883 ac
1357 847 1676 900 magnarum
1715 828 1846 880 ami-

83 927 127 959 10
152 906 398 958 citiarum
422 906 687 974 praesidia
709 906 953 975 largitur,
987 909 1040 958 et
1065 905 1314 958 omnibus
1340 904 1532 957 officiis
1557 906 1844 974 augmenta

150 996 435 1048 prosperae
481 980 839 1049 promotionis
886 981 1138 1051 assignat,
1188 982 1251 1031 ut
1290 997 1355 1031 ex
1394 977 1643 1031 omnibus
1681 976 1844 1029 ratio·

147 1053 308 1106 nibus
355 1056 409 1106 et
447 1071 512 1106 ex
553 1054 802 1107 omnibus
843 1053 1052 1108 actibus
1092 1071 1350 1123 prospera
1390 1056 1443 1105 et
1479 1052 1751 1105 lucrorum
1791 1054 1845 1103 et

148 1126 422 1180 felicitatis
462 1128 743 1182 commoda
782 1129 1137 1182 conferantur.

262 1199 319 1255 Si
359 1200 603 1271 Iuppiter
647 1206 952 1273 temporum
1001 1202 1248 1255 dominus
1286 1201 1450 1253 fuerit
1490 1200 1731 1269 effectus,
1778 1195 1894 1253 ex9

85 1296 126 1330 15
152 1274 407 1328 decennio
460 1294 556 1329 suo
595 1277 780 1330 Lunae
818 1277 974 1330 XXV
1013 1276 1236 1346 deputat
1276 1293 1498 1329 menses,
1577 1273 1710 1327 Cum
1749 1273 1846 1327 ita-

152 1367 254 1417 que
304 1349 457 1403 Luna
510 1352 825 1419 deputatum
880 1351 983 1404 sibi
1039 1370 1069 1403 a
1118 1349 1245 1403 Iove
1298 1353 1513 1433 tempus
1567 1348 1846 1418 acceperit,

150 1425 472 1492 tranquillae
528 1425 830 1478 serenitatis
886 1426 1120 1495 quietem
1177 1427 1230 1477 et
1283 1425 1517 1477 maxima
1568 1423 1844 1476 felicitatis

150 1498 478 1551 incrementa
525 1499 776 1569 decernit,
822 1518 920 1569 pro
968 1500 1244 1571 geniturae
1285 1497 1490 1551 scilicet
1530 1498 1844 1550 substantia.

150 1570 301 1624 Tunc
348 1572 490 1625 enim
536 1574 966 1642 praecedentium
1016 1572 1438 1627 infortumorum
1487 1573 1640 1624 dolor
1684 1573 1845 1624 variis

83 1666 127 1698 ιο
151 1645 471 1700 solaciorum
498 1648 782 1718 generibus
806 1649 1104 1718 mitigatur,
1134 1651 1263 1701 tunc
1288 1647 1541 1717 egestatis
1566 1647 1845 1716 angustiae

150 1721 470 1790 relaxantur,
509 1725 639 1775 tunc
677 1722 1074 1793 aegritudinum
1111 1721 1243 1774 vitia
1275 1722 1474 1774 sanitas
1507 1721 1846 1791 constringit,

149 1797 277 1846 tunc
337 1794 699 1864 periculorum
761 1800 935 1850 metus
997 1796 1270 1866 prosperis
1330 1794 1613 1864 praesidiis
1667 1795 1846 1864 oppri-

150 1871 391 1938 muntur,
442 1872 572 1923 tunc
618 1871 675 1922 in
722 1871 972 1923 omnibus
1021 1869 1403 1923 certaminibus
1443 1872 1497 1921 et
1536 1869 1707 1922 causis
1746 1887 1843 1938 pro

151 1942 284 2011 ipsis
324 1945 618 1996 sententiae
655 1944 1010 2013 proferentur,
1049 1949 1180 1997 tunc
1210 1944 1364 1996 dolor
1394 1943 1677 2012 frangitur,
1716 1946 1846 1996 tunc

84 2036 126 2069 25
152 2015 457 2069 sollicitudo
512 2022 773 2087 mutatur,
827 2022 889 2071 ut
941 2019 1374 2088 praecedentium
1426 2017 1844 2069 infortuniorum

152 2090 397 2159 squalore
439 2090 646 2144 deterso
685 2111 882 2177 purum
921 2110 983 2145 ac
1021 2092 1281 2145 mundum
1319 2091 1593 2144 felicitatis
1632 2094 1846 2160 tempus

151 2165 388 2233 accedat,
442 2167 758 2233 praesertim
813 2167 858 2219 si
911 2166 1119 2219 Lunam
1173 2168 1386 2234 plenam
1440 2165 1734 2218 luminibus
1788 2166 1846 2218 in

152 2239 400 2308 genitura
437 2237 686 2308 Iuppiter
722 2258 977 2310 prospera
1015 2241 1310 2292 radiatione
1349 2240 1614 2308 respiciat.

272 2389 295 2427 1
329 2385 539 2440 tempora
568 2385 634 2443 Γ]
669 2386 914 2430 commoda
937 2385 1010 2429 vel
1034 2388 1246 2443 tempora
1270 2388 1309 2429 Δ
1354 2387 1360 2442 Ι
1402 2384 1524 2431 felic.
1552 2385 1696 2429 etiam
1722 2398 1845 2428 com-

149 2442 289 2486 moda
313 2443 375 2501 Δ]
409 2457 515 2487 cum
539 2445 781 2489 commoda
813 2445 1070 2501 (commodo
1096 2445 1216 2498 ΑΠ’)
1247 2444 1369 2490 felic.
1400 2447 1447 2488 Γ
1562 2450 1586 2487 2
1620 2443 1845 2488 mediocri

154 2504 201 2545 Γ
241 2502 490 2546 mediocris
522 2506 562 2546 Δ
611 2518 723 2548 corr.
757 2519 784 2546 a
842 2507 847 2561 Ι
905 2504 988 2548 sed
1019 2505 1099 2563 κσ]
1145 2507 1193 2548 et
1343 2509 1368 2548 3
1409 2503 1566 2547 Venus
1603 2506 1649 2547 Γ
1701 2507 1706 2558 Ι
1764 2518 1843 2546 na·

151 2563 305 2604 turam
336 2575 448 2606 corr.
482 2566 521 2604 N
578 2564 583 2618 Ι
641 2563 797 2607 Venus
831 2598 840 2607 .
869 2599 877 2607 .
906 2599 913 2607 .
947 2566 1165 2608 naturam
1199 2564 1553 2607 commutaverit
1583 2581 1611 2606 κ
1655 2563 1845 2606 commi-

150 2621 305 2663 nuerit
336 2625 360 2672 ζ
479 2625 502 2663 7
537 2621 791 2677 deputatur
821 2625 861 2666 A
905 2625 911 2679 Ι
952 2625 1137 2679 tempus
1169 2637 1197 2666 a
1228 2623 1333 2666 Iove
1365 2626 1444 2664 AB
1576 2627 1626 2665 11
1661 2635 1845 2678 promo-

149 2678 292 2722 tionis
327 2680 367 2737 σ]
423 2681 693 2724 remotionis
726 2684 814 2724 AG
866 2682 1061 2726 rationis
1098 2685 1143 2726 Γ
1194 2685 1199 2738 Ι
1258 2681 1462 2725 affirmat
1493 2684 1534 2725 A
1699 2685 1753 2724 12
1798 2683 1844 2724 et

145 2741 281 2794 prim.
286 2753 369 2782 om.
407 2741 454 2782 Γ
505 2744 510 2793 l
569 2742 616 2783 et
646 2739 878 2784 lucrorum
909 2743 957 2784 et
987 2755 1070 2786 om.
1096 2744 1136 2785 Δ
1262 2746 1316 2784 16
1348 2740 1475 2783 XXX
1507 2743 1547 2784 A
1672 2744 1727 2783 20
1758 2739 1845 2783 1111-

150 2797 375 2853 figantur,
407 2802 518 2842 tunc
552 2799 674 2842 enim
706 2802 746 2842 A
798 2802 804 2855 Ι
863 2802 1094 2857 egestates
1127 2804 1211 2842 AR
1333 2805 1386 2843 21
1422 2799 1598 2842 sanitas
1631 2805 1736 2843 ante
1767 2812 1842 2842 ae·

151 2857 258 2913 grit.
291 2863 525 2912 transpon.
559 2861 584 2910 ζ
717 2863 772 2901 22
806 2859 1130 2915 opprimuntur
1161 2859 1239 2916 no]
1275 2861 1572 2914 opponuntur
1707 2863 1763 2901 23
1797 2860 1845 2902 et

151 2916 195 2972 κ]
231 2929 286 2958 ex
409 2922 463 2959 24
495 2916 794 2972 proferuntur
824 2920 910 2960 AG
1031 2923 1087 2962 28
1118 2918 1373 2974 respexerit
1404 2921 1443 2960 A

1488 2991 1573 3035 13*
