2066 3192
821 140 884 185 VI
915 144 959 197 5,
978 144 1104 196 4—8‚
1130 154 1162 185 1.
1765 141 1832 194 81

151 261 472 314 militatibus
519 261 771 332 separati,
818 265 871 314 et
914 261 953 329 †
970 262 1255 315 coniuncta
1301 263 1578 332 contingat
1625 279 1714 314 eos
1760 262 1838 315 sic

149 354 405 405 prospera
442 335 739 388 radiatione
778 336 1091 388 coniunctos
1130 354 1260 404 esse,
1298 336 1392 388 sed
1429 336 1704 390 felicitatis
1743 354 1839 406 per

148 410 247 463 hos
286 410 641 463 decernuntur
678 410 936 480 insignia,
976 410 1022 463 si
1061 409 1290 463 aliorum
1330 413 1597 480 oportuno
1637 411 1839 463 fuerint

148 483 455 537 testimonio
503 484 774 537 societatis
821 484 1016 554 ornati,
1063 488 1157 537 aut
1204 484 1498 539 deficientis
1535 484 1717 537 Lunae
1755 486 1839 538 lu-

103 578 124 612 5
149 577 271 611 men
312 579 336 607 *
357 579 382 608 *
403 579 428 608 ιιι
448 578 473 606 *
493 578 519 608 *
560 559 845 612 crescentis
884 559 1130 628 excipiat.

933 706 1052 760 VII.

260 795 457 866 [Luna
496 799 556 849 et
594 795 807 849 Venus
847 796 1179 867 trigonae]
1245 795 1303 850 Si
1340 796 1514 849 Luna‘
1533 800 1586 850 et
1623 797 1806 851 Venus
1826 810 1999 854 sot-69⁰1

146 870 414 941 trigonica
457 870 660 923 fuerint
698 871 995 924 radiatione
1034 873 1362 941 coniunctae,
1409 875 1461 924 et
1507 872 1616 925 sint
1655 872 1884 925 ambael

147 945 205 997 in
254 945 532 1014 oportunis
583 947 860 1015 geniturae
908 945 1042 999 locis
1092 946 1316 1015 positae,
1370 949 1424 999 et
1472 946 1538 998 ab
1592 947 1839 999 omnibus

82 1042 124 1074 ιο
149 1018 503 1072 deiectionum
549 1019 946 1073 humilitatibus
994 1024 1286 1090 separatae,
1339 1023 1392 1072 et
1439 1021 1510 1074 sit
1546 1020 1699 1073 Luna
1744 1022 1841 1072 mi-

147 1097 279 1146 nuta
312 1093 622 1163 luminibuS,
662 1095 733 1146 sit
764 1094 926 1148 etiam
958 1098 1220 1148 nocturna
1252 1095 1513 1165 genitura,
1552 1095 1841 1148 altissimae

148 1186 244 1238 per
281 1167 425 1238 ipsas
463 1168 738 1221 felicitatis
779 1169 1135 1222 decernuntur
1173 1169 1421 1240 insignia.
1484 1169 1633 1223 Tunc
1676 1172 1893 1239 actuS,2

147 1246 278 1296 tunc
324 1242 498 1313 gloria
543 1261 607 1295 ex
653 1244 757 1296 ista
803 1243 1195 1297 coniunctionis
1234 1243 1488 1296 societate
1527 1244 1843 1314 decernitur,

147 1320 277 1370 tunc
317 1317 455 1370 circa
492 1316 633 1370 filios
672 1321 944 1372 maternus
985 1319 1176 1373 crescit
1214 1319 1452 1386 affectus,
1494 1321 1623 1372 tunc
1660 1320 1844 1372 matri-

83 1414 124 1448 15
150 1392 330 1444 monia
383 1391 693 1461 incorrupta
744 1393 1035 1462 pudicitiae
1088 1393 1220 1446 fides
1275 1396 1474 1462 servat,
1533 1396 1663 1446 tunc
1723 1413 1841 1444 *μοι

149 1465 386 1518 filiorum
426 1465 635 1518 caritati
675 1467 893 1519 amabili
932 1468 1106 1537 gratia
1143 1486 1353 1536 semper
1389 1467 1677 1537 insinuant,
1714 1471 1844 1521 tunc

149 1540 339 1594 fratres
381 1540 678 1609 diliguntur
715 1542 822 1594 fido
863 1542 1078 1611 affectU,
1121 1545 1250 1595 tunc
1288 1542 1491 1612 gratiae
1530 1543 1844 1612 venustatis,

148 1618 277 1667 tunc
324 1614 560 1667 laetitiae
607 1615 903 1686 felicitatis,
953 1620 1082 1669 tunc
1122 1616 1355 1687 gloriosa
1391 1618 1624 1670 traditur
1660 1620 1844 1686 poten-

147 1690 253 1741 tiae
293 1689 587 1758 disciplina.

83 1830 127 1862 20
921 1808 1066 1863 VIII.

262 1895 459 1966 [Luna
499 1901 558 1951 et
590 1897 944 1952 Mercurius
975 1899 1255 1970 trigoni]
1302 1898 1359 1952 Si
1389 1899 1542 1952 Luna
1572 1898 1838 1952 Mercurio
1865 1906 1891 1958 1

150 1970 415 2041 trigonica
458 1972 623 2025 fuerit
666 1973 962 2026 radiatione
1003 1975 1303 2042 coniuncta,
1354 1977 1406 2026 et
1445 1975 1553 2027 sint
1592 1974 1748 2027 ambo
1787 1973 1843 2026 in

151 2046 428 2113 oportunis
468 2047 744 2118 geniturae
781 2049 913 2101 locis
953 2049 1138 2118 positi,
1187 2055 1239 2101 et
1280 2048 1344 2101 ab
1386 2048 1638 2101 omnibus
1678 2049 1843 2101 deiec-

272 2211 295 2250 1
337 2211 443 2262 176,
466 2211 530 2253 28
562 2209 717 2262 δεξιὸν
748 2209 831 2265 μὲν
861 2209 914 2254 τὸ
947 2215 1115 2267 σχῆμα·
1174 2207 1295 2267 ’ὅμως
1332 2210 1449 2266 πρὸς
1478 2209 1561 2261 τὰς
1590 2207 1846 2267 μαρτυρίας

151 2272 244 2309 τῶν
277 2265 481 2322 ἀστέρων
514 2269 586 2312 δεῖ
616 2267 910 2327 ἀποβλέπειν.

273 2418 294 2456 1
329 2415 377 2457 et
407 2419 448 2458 et
479 2415 723 2474 contingat
754 2421 795 2461 et
825 2417 892 2460 sic
923 2431 1006 2462 om.
1037 2420 1106 2472 Γ,·
1137 2418 1317 2463 videtur
1346 2419 1549 2477 genuina
1581 2418 1706 2462 lectio
1739 2431 1844 2461 con-

150 2472 306 2530 tingat
336 2476 388 2517 in
420 2475 669 2519 coniuncta
700 2477 951 2533 depravata
982 2491 1086 2532 esse,
1118 2478 1239 2534 quod
1268 2480 1433 2534 recepit
1460 2480 1514 2531 Γ,
1543 2492 1643 2522 eum
1667 2483 1842 2522 utrum-

150 2546 233 2588 que
266 2534 304 2575 Δ
338 2535 580 2579 servaverit
588 2553 604 2589 ;
643 2541 834 2581 ceterum
874 2537 927 2580 de
960 2538 1052 2581 loco
1083 2539 1240 2582 misere
1271 2538 1479 2582 mutilato
1512 2536 1843 2593 desperandum

150 2605 230 2635 ‘nec
255 2592 448 2637 adiuvat
474 2594 619 2638 Gatal.
647 2598 705 2650 (v.
724 2599 917 2652 supra);
940 2601 1096 2641 temere
1118 2598 1306 2641 novavit
1335 2612 1362 2639 a
1439 2601 1463 2639 2
1498 2596 1748 2639 felicitates
1773 2598 1812 2638 Δ

154 2655 179 2694 3
219 2650 394 2695 suerint
433 2655 660 2709 oportuno
693 2657 733 2698 A
842 2660 868 2697 4
909 2657 990 2698 aut
1029 2655 1077 2713 κ]
1116 2658 1170 2699 ut
1198 2658 1203 2711 Ι
1232 2655 1510 2713 deficientis]
1559 2656 1843 2711 horoscopus

154 2724 188 2753 e.
214 2724 255 2766 9.
281 2728 309 2754 κ
432 2717 458 2754 5
491 2713 574 2756 lac.
607 2719 710 2758 stat.
743 2717 767 2766 ζ
885 2719 910 2757 6
943 2716 1086 2771 capiti
1126 2716 1233 2759 VII.
1261 2721 1401 2771 caput
1441 2715 1576 2760 VIII.
1611 2715 1846 2771 anteponit

157 2770 272 2826 Por)
426 2775 448 2813 7
482 2771 696 2829 trigonae
728 2774 784 2831 A]
820 2772 995 2829 trigoni
1026 2774 1085 2828 cf.
1118 2777 1222 2829 112,
1253 2787 1298 2817 23
1455 2778 1481 2817 8
1516 2773 1652 2818 ambo
1684 2776 1724 2817 Δ

156 2831 210 2870 10
242 2828 426 2873 minuta
460 2831 528 2888 Γ]
566 2831 708 2887 plena
738 2837 774 2874 D
816 2832 890 2876 vel
920 2832 1102 2876 minuta
1132 2833 1206 2877 vel
1238 2833 1378 2889 plena
1408 2838 1447 2875 N
1600 2837 1652 2875 12
1687 2833 1842 2876 decer-

154 2889 330 2930 nuntur
357 2891 403 2931 Γ
513 2895 566 2933 15
599 2892 766 2935 excidit
789 2893 907 2935 velut
929 2895 1147 2948 parentes
1173 2907 1198 2935 σ
1314 2898 1366 2936 16
1401 2893 1595 2936 caritate
1620 2906 1732 2937 corr.
1758 2909 1784 2935 κ

157 2951 209 2989 17
243 2946 334 2991 fido
368 2947 498 3005 dilig.
531 2952 556 3001 ζ
675 2954 729 2993 18
761 2951 991 3007 gloriosae
1023 2955 1048 3004 ζ

241 3028 451 3072 mecus,
475 3031 559 3063 edd.
583 3030 740 3074 Xroll,
766 3032 974 3065 Skutsch
998 3036 1035 3065 et
1058 3033 1261 3074 Ziegler.
1298 3035 1349 3066 11.
1547 3030 1571 3069 6
