2066 3192
794 87 858 133 VI
890 93 959 144 11,
985 93 1137 141 9-12,
1163 101 1198 134 2.
1765 89 1834 142 97

148 210 203 262 in
254 209 493 263 inferiori
542 211 661 262 loco
713 208 1064 262 constitutum
1116 209 1376 278 quadrata
1420 210 1716 264 radiatione
1762 229 1840 263 re-

150 283 398 354 spexerit,
441 283 695 354 ignobilis
736 287 788 337 et
828 283 1018 336 deiecti
1057 284 1266 354 generis
1306 286 1531 337 matrem
1570 284 1699 337 facit
1737 285 1841 337 ista

151 358 472 428 coniuncti0‚
522 357 614 410 sed
660 360 714 410 et
758 359 902 410 vitae
948 359 1224 429 angustias
1271 377 1336 411 ex
1381 359 1574 412 misera
1618 359 1840 413 necessi-

150 436 258 485 tate
299 450 506 500 semper
543 431 747 486 indicit.
815 431 1009 484 Fatum
1041 450 1254 501 quoque
1286 432 1452 485 vitam
1484 433 1840 486 substantiam

107 528 126 560 5
151 507 373 559 miserae
411 505 734 559 humilitatis
773 506 1062 559 deiectione
1100 507 1409 575 prosternit,
1449 510 1501 559 et
1540 509 1681 560 inter
1710 507 1841 560 haec

149 581 447 634 infortunia
493 599 613 633 cum
653 580 982 634 infelicitatis
1023 584 1311 651 augmento
1351 581 1512 634 etiam
1553 581 1718 635 malas
1759 581 1842 634 de-

150 655 319 708 cernit
357 673 564 707 uxores,

936 772 1056 828 XII.

265 861 399 932 [Sol
445 866 507 916 et
552 863 725 916 Luna
773 863 1107 933 quadrati]
1171 863 1229 917 Si
1280 862 1374 916 Sol
1420 866 1473 915 et
1518 862 1671 915 Luna
1719 867 1889 933 qua-l

85 958 128 991 ιο
154 937 304 989 drata
348 938 549 990 fuerint
592 938 887 990 radiatione
933 938 1229 1007 coniuncti,
1283 937 1395 991 sive
1443 938 1686 991 dextrum
1733 939 1845 991 sive

157 1011 431 1064 sinistrum
494 1011 635 1065 latus
691 1012 1031 1066 cardinaliter
1084 1013 1418 1082 possidentes
1429 1056 1443 1083 ‚
1505 1013 1560 1065 in
1616 1013 1842 1065 decretis

155 1085 435 1138 hominum
486 1087 777 1140 efficaciam
825 1106 890 1140 ex
937 1087 1162 1140 aliarum
1209 1089 1482 1140 stellarum
1521 1087 1844 1140 testimoniis

154 1159 467 1214 sortiuntur.
545 1159 677 1213 Cum
727 1160 866 1215 enim
913 1162 979 1214 ad
1027 1162 1186 1214 istam
1226 1161 1659 1214 coniunctionem
1698 1160 1845 1213 beni-

152 1234 394 1288 volarum
434 1237 709 1288 stellarum
747 1236 927 1289 radius
967 1254 1251 1306 prosperae
1293 1256 1318 1285 *
1339 1256 1363 1285 »ι
1384 1255 1410 1285 >02
1452 1235 1722 1289 societatis
1762 1253 1843 1288 ac-

88 1330 129 1363 15
155 1310 393 1379 cesserit,
444 1313 593 1363 actus
643 1309 884 1380 maximi,
934 1310 1124 1364 idonea
1174 1311 1315 1363 vitae
1362 1309 1684 1378 substantia,
1734 1310 1846 1379 glo-

155 1384 327 1436 riosae
386 1383 662 1454 dignitatis
722 1385 955 1456 insignia
1013 1404 1077 1437 ex
1134 1385 1407 1454 prosperis
1465 1403 1674 1454 semper
1727 1402 1847 1437 con-

155 1458 589 1511 mendationibus
638 1459 996 1512 conferuntur.
1075 1457 1133 1511 Si
1171 1477 1297 1511 vero
1341 1458 1622 1512 malivolae
1663 1461 1897 1514 stellae2

156 1533 575 1601 sinevpraesidio
614 1534 980 1587 benivolarum
1018 1535 1176 1587 istam
1218 1532 1358 1586 Solis
1405 1552 1465 1586 ac
1505 1533 1687 1586 Lunae
1734 1550 1815 1585 so-
1832 1548 2007 1590 s01.72r1

156 1608 403 1659 cietatem
442 1608 678 1678 maligna
717 1608 1013 1662 radiatione
1046 1609 1405 1677 convenerint,
1444 1608 1675 1660 maxima
1706 1607 1847 1661 vitae

89 1704 132 1736 20
158 1682 465 1734 discrimina
517 1685 569 1734 et
615 1683 847 1735 maxima
893 1683 1312 1735 infortuniorum
1362 1683 1717 1735 decernuntur
1770 1683 1847 1734 in-

158 1756 450 1809 commoda.
538 1755 642 1808 Sed
698 1757 743 1809 si
797 1758 875 1811 sic
928 1757 1301 1810 malivolarum
1357 1759 1631 1810 stellarum
1684 1756 1847 1809 radiis

158 1829 420 1882 adiunctis
459 1830 611 1882 Luna
658 1830 817 1900 plena
862 1831 1156 1885 luminibus
1202 1831 1405 1884 feratur
1444 1831 1511 1883 ad
1548 1829 1745 1900 Iovem,
1794 1834 1848 1883 et

155 1903 399 1973 Iuppiter
438 1905 866 1958 coniunctionem
898 1906 1079 1958 Lunae
1119 1907 1402 1959 crescentis
1436 1905 1718 1975 exceperit,
1754 1923 1847 1957 no-

156 1978 381 2031 bilitatis
413 1980 645 2050 insignia
676 1998 796 2033 cum
829 1981 1062 2033 maxima
1095 1981 1330 2034 decernit
1360 1980 1574 2033 invidia.
1646 1978 1846 2041 Quodsi

90 2076 130 2108 25
155 2053 491 2120 praecedenti
538 2053 903 2108 coniunctioni
949 2053 1092 2107 Iovis
1137 2055 1338 2107 fuerint
1384 2054 1648 2124 praesidia
1694 2054 1846 2106 dene-

156 2130 302 2195 gata,
340 2128 553 2180 fortiter
590 2128 961 2182 malivolarum
1001 2131 1275 2182 stellarum
1314 2128 1503 2182 nociva
1541 2128 1731 2180 crescit
1769 2127 1845 2179 in-

155 2201 409 2269 probitas,

277 2323 301 2360 2
337 2322 441 2372 179,
466 2322 526 2362 32
551 2319 795 2363 δύσκλειαν
817 2326 872 2378 τῇ
899 2319 1032 2376 μητρὶ
1056 2320 1137 2364 καὶ
1160 2317 1266 2378 βίου
1291 2319 1478 2374 σπάνιν,
1506 2324 1567 2379 τῷ
1593 2319 1645 2364 δέ
1667 2319 1847 2370 πλάνας

157 2378 235 2421 καὶ
259 2378 398 2435 τύχης
421 2377 712 2433 καθαίρεσιν.
777 2383 830 2421 13
864 2382 968 2433 176,
994 2383 1053 2423 30
1084 2379 1175 2423 ὑπὸ
1207 2380 1321 2430 Διὸς
1352 2379 1577 2435 ὁρώμενοι
1606 2381 1698 2437 (15)
1729 2379 1846 2435 πρά-

158 2439 288 2492 ξεως,
329 2437 467 2494 δόξης
498 2438 577 2480 καὶ
610 2437 865 2488 συστάσεως
896 2437 1058 2482 αἴτιοι·
1104 2438 1194 2482 ὑπὸ
1236 2440 1286 2483 δὲ
1319 2447 1587 2484 κακοποιῶν
1620 2438 1843 2495 ὁρώμενοι

157 2497 347 2554 χαλεποὶ
379 2494 497 2551 πρός
526 2513 574 2541 τε
606 2497 686 2541 τὸν
718 2495 821 2571 βίον
854 2497 934 2541 καὶ
974 2497 1119 2554 αὐτὴν
1158 2498 1244 2554 τὴν
1283 2498 1414 2553 ζωήν.
1463 2499 1504 2542 εἰ
1543 2499 1593 2543 δὲ
1633 2498 1724 2542 ὑπὸ
1764 2515 1845 2542 κα-

157 2564 364 2600 κοποιῶν
396 2555 479 2611 μὲν
513 2555 725 2611 ὁρῶνται,
757 2556 784 2613 ἡ
818 2557 868 2600 δὲ
903 2556 1082 2613 Σελήνη
1116 2558 1355 2602 συνοδεύει
1387 2562 1448 2617 τῷ
1481 2556 1575 2613 Διί,
1607 2559 1847 2613 λαμπροὺς

157 2613 255 2671 μέν,
287 2614 686 2674 βασκαινομένους
717 2614 780 2660 δέ.

277 2723 304 2761 4
336 2719 505 2777 fatum]
539 2720 688 2762 totam
720 2736 747 2762 κ
779 2719 930 2763 fatum
962 2733 1146 2776 quoque
1171 2719 1297 2779 <ac>
1327 2736 1354 2763 a
1381 2722 1387 2777 Ι
1415 2721 1539 2764 vitae
1571 2735 1682 2765 corr.
1711 2723 1752 2774 ζ,
1786 2721 1843 2775 cf.

161 2780 264 2832 121,
283 2791 305 2823 3
426 2783 452 2821 8
484 2793 581 2834 cap.
610 2779 746 2836 XII]
776 2780 833 2833 ef.
859 2780 920 2823 acl
944 2782 1019 2833 80,
1038 2792 1081 2822 20
1204 2785 1254 2822 11
1289 2780 1606 2835 praesidentes
1635 2793 1747 2825 corr.
1774 2785 1845 2822 Gv

162 2841 216 2879 14
247 2839 415 2882 excidit
446 2839 565 2882 velut
593 2838 774 2881 ratione
807 2852 832 2881 σ
974 2843 1028 2881 15
1060 2838 1264 2882 maxima
1295 2853 1406 2883 corr.
1441 2856 1468 2882 a
1517 2842 1523 2896 1
1574 2839 1770 2883 idoneae
1803 2842 1841 2882 Δ

162 2901 215 2939 18
247 2895 339 2940 ista
372 2901 498 2939 ABR
539 2899 545 2955 Ι
588 2910 643 2940 ac
676 2897 735 2955 Δ]
770 2899 817 2940 et
854 2899 899 2940 Γ
935 2899 940 2953 Ι
983 2898 1181 2942 societas
1214 2901 1292 2940 AB

247 2980 456 3020 F,mn11cus
482 2979 564 3011 edd
589 2980 749 3021 Kroll,
774 2979 984 3012 Skutsch
1008 2982 1044 3011 et
1067 2981 1271 3020 Ziegler
1313 2981 1364 3012 11.
1554 2977 1575 3014 7
