2078 3174
279 125 385 180 126
1024 125 1255 171 FIRMICI

273 266 371 317 pro
411 247 634 300 arbitrio
676 266 771 301 suo
808 248 942 300 falsa
972 248 1272 301 litterarum
1305 249 1600 302 mutatione
1633 250 1962 301 convertunt.

223 322 255 375 8
275 321 379 375 Sed
411 322 455 374 si
487 340 576 374 eos
601 321 845 391 Iuppiter
875 323 931 374 in
964 323 1244 390 oportunis
1277 323 1552 392 geniturae
1590 322 1723 375 locis
1755 322 1963 391 positus

273 400 326 449 et
375 397 430 448 in
480 397 565 450 his
615 396 671 447 in
722 396 917 465 quibus
964 397 1160 466 gaudet
1210 397 1294 449 vel
1347 397 1402 449 in
1458 397 1651 466 quibus
1701 396 1966 449 exaltatur

273 470 442 541 signis
481 469 566 522 vel
606 471 662 522 in
701 471 858 523 domo
900 489 994 522 sua
1026 471 1350 523 constitutus
1385 490 1639 540 prospera
1669 471 1965 524 radiatione

271 545 579 613 respexerit,
625 548 678 597 et
723 545 960 596 facinora
1006 544 1142 614 tegit
1189 548 1241 597 et
1285 546 1516 598 maxima
1564 546 1799 598 decernit
1845 545 1963 598 sub·

274 619 408 672 sidia
459 619 790 671 facultatum.
871 617 928 671 Si
970 637 1092 671 vero
1132 637 1241 671 non
1288 620 1606 673 conmodato
1654 619 1963 672 testimonio

197 739 201 741 .
271 691 412 745 Iovis
465 692 724 745 Saturnus
776 711 866 745 eos
919 693 1113 746 minaci
1162 693 1457 746 radiatione
1507 694 1825 763 respexerit,
1880 694 1965 745 de-

269 768 427 820 tectis
478 766 809 820 facinoribus
859 767 1255 837 publicatisque
1318 768 1652 836 criminibus,
1714 767 1854 820 mala
1911 770 1965 820 et

270 841 503 893 maxima
541 842 647 893 illis
687 859 978 910 poenarum
1019 842 1252 894 decernit
1292 842 1466 894 exitia.

220 916 252 966 9
386 914 789 981 [Coniunctio
822 915 1050 967 Martis
1082 919 1142 967 et
1175 916 1420 982 Lunae]
1464 915 1521 968 Si
1553 916 1696 968 Mars
1729 919 1782 968 et
1812 915 1966 967 Luna

271 990 327 1042 in
374 990 557 1043 eodem
608 989 763 1059 signo
811 991 1013 1058 pariter
1059 990 1340 1042 constituti
1386 990 1653 1059 aequabili
1693 989 1963 1042 societatis

270 1066 535 1133 potestate
591 1065 901 1134 iungantur,
963 1065 1123 1116 faciet
1183 1065 1288 1116 ista
1349 1064 1657 1118 coniunctio
1719 1064 1963 1117 homines

273 1138 487 1206 calidOS‚
537 1141 590 1190 et
642 1156 775 1206 quos
826 1139 882 1190 in
934 1138 1182 1210 omnibus
1233 1156 1483 1208 prospere
1534 1140 1841 1207 frequenter
1888 1156 1962 1191 se-

271 1215 465 1281 quatur
503 1215 723 1266 eventus
731 1254 744 1281 ,
784 1213 1095 1281 praesertim
1137 1213 1181 1264 si
1222 1213 1277 1264 in
1318 1213 1497 1282 aliquo
1538 1213 1814 1284 geniturae
1853 1231 1963 1266 car-

270 1287 392 1338 dine
431 1286 630 1339 fuerint
670 1289 929 1340 collocati.
1011 1286 1114 1339 Sed
1151 1287 1237 1339 his
1277 1291 1369 1340 aut
1410 1288 1568 1340 breve
1608 1289 1748 1340 vitae
1788 1287 1961 1340 decer-

269 1362 418 1413 nitur
479 1362 734 1430 spatium‚
797 1365 889 1413 aut
950 1363 1091 1414 vitae
1153 1379 1365 1413 cursum
1429 1363 1726 1414 inmaturus
1789 1361 1963 1413 exitus

186 1435 254 1487 10
270 1436 458 1489 mortis
528 1436 804 1504 inpugnat.
900 1434 1038 1487 Aliis
1099 1435 1311 1504 inponit
1371 1437 1595 1488 vitiosae
1654 1436 1962 1488 valitudinis

270 1510 557 1575 maculam,
613 1513 665 1562 et
712 1509 948 1562 omnium
995 1509 1354 1577 periculorum
1402 1510 1633 1563 decernit
1680 1509 1963 1562 metuenda

272 1583 602 1652 discrimina,
653 1587 744 1635 aut
796 1584 841 1635 si
891 1583 1028 1636 nihil
1077 1584 1269 1635 horum
1319 1585 1504 1653 fuerit,
1554 1586 1722 1637 malae
1775 1584 1961 1636 mortis

271 1658 448 1711 flebile
487 1677 548 1711 ac
588 1658 841 1711 miserum
883 1658 1116 1710 decernit
1156 1658 1392 1727 exitium,
1433 1662 1525 1710 aut
1562 1658 1690 1711 ferri
1732 1659 1815 1710 vel
1854 1659 1961 1727 gla-

187 1732 248 1784 11
273 1731 345 1784 dii
392 1735 579 1785 contra
626 1750 747 1784 eum
795 1735 1003 1785 exercet
1050 1735 1385 1801 potestatem.
1464 1732 1566 1785 Sed
1608 1736 1661 1784 et
1700 1733 1858 1784 matri
1899 1751 1962 1784 ex

273 1806 373 1859 ista
443 1806 816 1860 coniunctione
886 1807 1081 1858 misera
1149 1806 1544 1875 aegritudinum
1610 1808 1963 1859 decernuntur

270 1881 620 1948 incommoda,
666 1883 726 1932 ut
774 1898 965 1948 corpus
1018 1882 1129 1932 eius
1177 1900 1272 1950 per
1320 1880 1429 1932 dies
1482 1881 1722 1951 singulos
1770 1882 1963 1933 misera

271 1955 546 2007 debilitate
597 1957 891 2023 quassetur.
971 1953 1073 2006 Sed
1129 1955 1172 2007 si
1227 1954 1327 2007 hos
1378 1956 1433 2007 in
1485 1956 1762 2024 oportunis
1813 1955 1962 2025 geni-

271 2033 419 2082 turae
466 2028 598 2081 locis
644 2027 889 2097 Iuppiter
933 2029 1143 2097 positus
1191 2028 1275 2081 vel
1322 2030 1378 2080 in
1424 2030 1611 2098 primis
1661 2029 1960 2082 cardinibus

272 2105 579 2172 collocatuS‚
626 2103 682 2155 in
730 2103 887 2155 domo
937 2122 1030 2155 sua
1077 2103 1162 2156 vel
1208 2105 1264 2156 in
1312 2103 1594 2156 altitudine
1634 2122 1729 2156 sua
1769 2104 1961 2155 consti-

274 2263 472 2320 ἔχοντες,
521 2263 587 2308 ἔτι
625 2279 674 2321 γε
714 2263 804 2319 μὴν
843 2264 922 2307 καὶ
961 2262 1331 2320 πλαστογράφοι·
1381 2264 1460 2307 καὶ
1508 2264 1549 2308 εἰ
1588 2263 1670 2320 μὲν
1715 2263 1805 2307 ὑπὸ
1846 2263 1960 2314 Διὸς

272 2322 576 2381 (ὀφθῶσιν),
602 2323 871 2379 εὐτυχοῦσιν
904 2324 954 2367 ἐν
985 2323 1189 2375 τούτοις·
1238 2326 1297 2380 (6)
1331 2323 1371 2367 εἰ
1403 2322 1453 2366 δὲ
1484 2323 1575 2367 ὑπὸ
1603 2320 1804 2379 Κρόνου,
1838 2321 1958 2379 ἐλέγ-

270 2398 431 2438 χονται
471 2382 550 2425 καὶ
590 2381 721 2425 δεινὰ
763 2381 1032 2438 πάσχουσιν.
1159 2387 1211 2424 12
1253 2386 1355 2436 174,
1380 2386 1438 2426 21
1479 2380 1657 2438 θερμόν
1697 2387 1754 2427 τε
1785 2382 1861 2425 καὶ
1904 2382 1958 2425 οὐ

272 2441 548 2486 δ’ύστευκτον
598 2440 752 2497 ἔθηκε,
803 2442 883 2484 καὶ
930 2443 1101 2495 μᾶλλον
1141 2438 1426 2496 ἐπίκεντρος·
1474 2441 1596 2492 τινὲς
1638 2439 1959 2498 ὀλιγοχρόνιοι,

272 2499 399 2543 ἄλλοι
440 2498 735 2555 σεσινωμένοι
776 2499 853 2543 καὶ
890 2500 1129 2549 κινδύνοις
1159 2498 1535 2554 περιπίπτουσιν·
1571 2500 1716 2555 ἕτεροι
1747 2500 1960 2543 κακοθά-

271 2575 403 2603 νατοι
451 2557 478 2614 ἢ
527 2561 575 2604 ἐκ
624 2557 788 2614 ξίφους
835 2558 1222 2615 ἀποτεμνόμενοι,
1274 2562 1364 2616 (24)
1409 2560 1449 2604 εἰ
1495 2560 1555 2616 μὴ
1597 2559 1620 2604 ὁ
1667 2559 1778 2610 Ζεὺς
1817 2559 1958 2615 ἱ’ὃ<οι).

273 2620 362 2674 (21)
395 2619 474 2662 καὶ
506 2618 534 2674 ἡ
567 2617 714 2675 μήτηρ
748 2618 798 2662 δὲ
831 2618 1059 2674 ἁσθενικὴ
1094 2618 1232 2663 ἔσται.

391 2757 415 2794 4
451 2751 727 2794 constitutos
759 2755 798 2793 N
935 2756 957 2794 ’7
993 2751 1189 2794 detectis
1222 2752 1267 2808 κ]
1301 2750 1498 2794 decretis
1530 2756 1568 2793 N
1707 2756 1759 2793 14
1791 2751 1838 2792 in
1873 2750 1958 2793 ali-

273 2824 362 2864 quo
395 2811 441 2867 κ]
474 2810 686 2866 1111118110μ
712 2815 751 2852 N
875 2816 926 2852 16
962 2812 1044 2854 aut
1074 2811 1120 2867 κ]
1153 2812 1207 2852 ut
1235 2814 1275 2851 N
1331 2811 1336 2866 Ι
1394 2810 1443 2852 in
1472 2813 1677 2852 maturos
1710 2824 1822 2854 corr.
1848 2813 1871 2861 ζ

275 2873 328 2912 19
362 2873 443 2912 aut
475 2869 520 2927 κ]
558 2872 610 2912 ut
640 2874 679 2911 N
801 2874 852 2911 21
889 2871 1071 2912 exercet
1101 2869 1163 2911 ΝΞ
1194 2870 1244 2912 in
1275 2869 1381 2926 my]
1416 2871 1620 2913 excerret
1651 2869 1711 2910 Νι
1751 2871 1904 2912 exeret
1937 2871 1960 2921 ζ

334 2933 388 2970 23
422 2928 520 2971 eius
554 2929 595 2986 ζ]
628 2941 783 2971 eorum
816 2933 854 2969 N

1990 939 2032 972 10

1988 1310 2029 1343 15

1987 1682 2029 1713 20

1986 2052 2026 2084 25
