2066 3192
845 131 908 177 VI
942 136 1010 188 10,
1035 143 1174 178 5—10.
1779 134 1847 188 91

160 254 291 308 haec
331 254 511 307 eadem
575 254 631 307 in
686 252 1010 307 contrarium
1070 256 1288 307 vertunt
1348 254 1583 308 fatorum
1647 258 1851 308 mutata

160 328 382 382 decreta.

269 401 587 473 [Iuppiter
626 405 687 454 et
724 402 1078 456 Mercurius
1120 402 1456 472 quadrati]
1514 402 1572 456 Si
1609 403 1900 472 Iuppiter8

157 480 210 529 et
248 476 544 530 Mercurius
585 476 844 545 quadrata
881 476 1082 530 fuerint
1118 475 1413 530 radiatione
1454 478 1746 546 coniuncti,
1798 482 1852 530 et

112 573 131 606 5
157 551 329 604 dextri
376 550 622 619 quadrati
669 549 913 620 Iuppiter
958 552 1289 621 superiorem
1328 551 1604 622 possidens
1644 556 1849 621 partem

154 627 211 678 in
251 625 467 678 sinistro
509 624 770 694 quadrato
809 625 1134 678 Mercurium
1174 625 1411 694 positum
1449 626 1645 679 minaci
1684 627 1851 679 radia-

155 699 300 752 tione
338 700 646 770 respexerit,
685 718 751 753 ex
790 699 894 752 ista
932 700 1308 753 coniunctione
1349 701 1733 769 scripturarum
1765 700 1851 754 vel

153 775 453 827 litterarum
498 774 653 843 (vel)
702 773 898 827 artium
947 773 1303 827 decernuntur
1350 775 1546 843 officia,
1597 778 1650 828 et
1689 775 1849 828 ratio-

153 849 310 902 nibus
363 849 493 902 facit
546 848 1125 921 conputationibusque
1179 848 1531 919 praepositos,
1586 852 1638 901 et
1688 849 1848 919 patri-

89 947 131 979 10
155 923 393 976 monium
439 922 548 976 ilJis
597 926 650 976 et
696 926 844 976 actus
892 942 957 976 ex
1004 923 1220 992 publica
1266 923 1494 1006 quadam
1543 924 1848 977 defensione

154 998 438 1051 confertur.
511 996 568 1049 Si
607 1015 734 1050 vero
771 997 1066 1051 Mercurius
1112 997 1354 1066 superior
1386 997 1603 1052 effectus
1644 1001 1697 1050 et
1728 998 1852 1050 dex·
1869 999 1900 1051 9

152 1074 291 1124 trum
342 1071 622 1140 possidens
676 1071 817 1124 latus
865 1070 1047 1125 Iovem
1095 1072 1152 1124 in
1198 1071 1442 1126 inferiori
1487 1073 1606 1126 loco
1656 1073 1847 1126 consti-

152 1148 330 1198 tutum
381 1146 640 1215 quadrata
685 1146 979 1199 radiatione
1024 1147 1332 1215 respexerit,
1380 1147 1540 1200 faciet
1587 1147 1689 1200 ista
1729 1165 1849 1200 con-

154 1219 356 1273 iunctio
405 1220 727 1274 sufficientia
773 1220 1011 1274 subsidia
1057 1221 1390 1290 facultatum,
1441 1221 1533 1274 sed
1578 1220 1636 1273 hi
1683 1225 1850 1275 semet

87 1316 128 1350 ιε
153 1294 299 1365 ipsos
360 1295 418 1347 in
472 1296 619 1348 omni
674 1297 798 1348 actu
854 1312 1064 1364 semper
1117 1295 1420 1364 inpediunt,
1476 1296 1655 1348 omnia
1708 1295 1849 1349 bona

154 1369 307 1438 quasi
353 1370 493 1422 mala
539 1369 780 1438 †innoto
829 1370 1026 1422 mentis
1073 1370 1265 1423 timore
1303 1369 1550 1436 vitanteS,
1600 1372 1654 1422 et
1693 1373 1849 1423 erunt

151 1443 356 1512 (tales)
404 1447 465 1496 ut
515 1443 772 1514 quicquid
822 1443 915 1496 alii
966 1445 1191 1497 summis
1244 1445 1500 1513 consequi
1548 1444 1848 1498 desiderent

150 1517 422 1587 precibuS,
460 1518 515 1570 id
554 1521 730 1571 totum
770 1518 980 1571 etiamsi
1019 1535 1146 1571 casu
1186 1518 1293 1572 illis
1334 1519 1630 1588 obvenerit,
1684 1518 1848 1572 obsti-

149 1596 277 1645 nato
331 1592 525 1645 mentis
580 1591 778 1645 iudicio
834 1596 1191 1646 contemnant.
1280 1592 1384 1646 Sed
1438 1611 1536 1647 nec
1591 1593 1850 1647 beneficia

85 1688 128 1721 20
152 1666 257 1719 sibi
296 1667 362 1719 ab
402 1667 522 1720 aliis
562 1667 793 1719 conferri
832 1667 1148 1736 desiderant,
1187 1667 1328 1737 [sed]
1367 1686 1466 1721 nec
1502 1667 1606 1737 ipsi
1645 1667 1848 1721 bonum

153 1740 256 1794 sibi
297 1740 499 1810 aliquid
540 1759 830 1809 conparare
870 1745 1144 1795 conantur.

263 1813 589 1885 [Iuppiter
636 1818 696 1868 et
741 1815 915 1868 Luna
962 1816 1296 1886 quadrati]
1369 1815 1426 1869 Si
1472 1815 1716 1886 Iuppiter
1762 1819 2003 1871 etfomffl

149 1888 301 1941 Luna
347 1890 605 1959 quadrata
650 1889 851 1942 fuerint
896 1891 1193 1944 radiatione
1239 1890 1528 1959 coniuncti,
1575 1895 1628 1944 et
1675 1890 1846 1944 dextri
1867 1891 1936 1943 10

271 2039 294 2078 7
329 2039 514 2090 17211
547 2043 827 2110 γραμματεῖς
851 2036 931 2080 καὶ
955 2036 1134 2093 ψήφων
1159 2039 1504 2093 διευθυντῆρας
1526 2038 1607 2081 καὶ
1632 2035 1843 2093 λογιστὰς

153 2093 385 2151 σημαίνει·
431 2092 502 2146 οἷς
540 2095 591 2139 δὲ
631 2092 724 2140 ἀπὸ
765 2101 928 2151 κοινῆς
966 2094 1252 2151 προστασίας
1291 2095 1315 2141 ὁ
1356 2095 1463 2154 βίος
1496 2097 1576 2141 καὶ
1616 2096 1643 2153 ἡ
1677 2098 1844 2151 πρᾶξις

155 2153 293 2198 ἔσται.
343 2155 383 2199 εἰ
415 2154 465 2199 δὲ
499 2153 558 2198 ὁ
572 2156 725 2227 Ερμῆς
755 2154 837 2199 τὸν
868 2152 962 2198 Δία
994 2159 1348 2211 καθυπερτερεῖ,
1387 2156 1470 2200 τὸν
1502 2155 1585 2211 μὲν
1617 2152 1723 2214 βιον
1756 2155 1841 2199 οὐκ

152 2213 336 2269 αποροι,
376 2221 430 2273 τῇ
472 2212 516 2258 δ’
553 2211 742 2273 ἀκρισίᾳ
780 2213 927 2258 πολλὰ
966 2231 1022 2257 τα
1054 2213 1246 2260 ἐναντία
1279 2214 1645 2270 διαπράττονται
1676 2214 1755 2258 καὶ
1787 2214 1843 2257 τὰ

152 2270 236 2347 μὲν
275 2273 440 2329 ἀγαθὰ
479 2273 540 2323 ὡς
579 2275 736 2328 φαῦλα
769 2271 1085 2330 ἐκτρέπονται,
1119 2290 1229 2330 οπερ
1263 2274 1392 2318 ἄλλοι
1407 2275 1581 2348 λαβεῖν
1614 2273 1843 2345 εὔχονται,

153 2327 281 2376 οὗτοι
315 2334 482 2406 (τοῦτο,
500 2335 544 2389 κ)
583 2333 742 2390 λαβεῖν
782 2333 867 2377 οὐκ
907 2331 1147 2384 ἐθέλοντες
1186 2335 1264 2377 καὶ
1306 2331 1544 2390 αὐτόματα
1583 2333 1641 2378 τὰ
1681 2332 1844 2390 ἀγαθὰ

154 2389 286 2436 ἰόντα
325 2393 391 2443 εἰς
428 2392 599 2442 αὐτοὺς
638 2391 959 2449 ἀποφεύγουσι
999 2395 1196 2449 (-γοντες
1227 2397 1269 2450 κ)
1304 2394 1383 2437 καὶ
1424 2393 1499 2439 ἐπὶ
1535 2400 1637 2444 ταῖς
1669 2393 1842 2449 εὐεργε-

153 2449 275 2503 σίαις
306 2451 701 2509 ἀχαριστούμενοι.

273 2589 295 2628 1
338 2583 622 2629 contrarium
653 2585 699 2643 a]
733 2584 966 2629 contrario
1017 2587 1023 2642 Ι
1072 2587 1260 2630 vertunt
1290 2587 1346 2644 A]
1386 2585 1460 2630 vel
1499 2587 1609 2630 tunc
1648 2591 1724 2631 cet.

153 2647 178 2687 8
211 2644 318 2688 add.
344 2646 369 2697 ζ
399 2642 681 2700 (liberalium
714 2644 756 2699 a)
791 2643 900 2702 <vel
932 2644 1250 2703 secretarum>
1285 2659 1310 2688 σ
1448 2649 1503 2689 10
1535 2644 1724 2702 illisque
1761 2647 1807 2689 Γ
1836 2645 1840 2702 Ι

153 2703 201 2747 et
233 2705 364 2747 actus
396 2718 479 2748 om.
508 2705 547 2746 Δ
661 2708 712 2746 11
748 2703 984 2747 confertur
1003 2705 1069 2772 D]
1103 2704 1365 2748 conferetur
1394 2707 1441 2749 Γ
1466 2719 1549 2749 om.
1574 2709 1613 2747 N
1709 2709 1761 2748 12
1795 2703 1843 2747 in

156 2776 238 2807 om.
258 2764 345 2806 AG
439 2766 491 2805 16
526 2761 688 2818 quaesi
712 2777 825 2807 corr.
842 2762 939 2806 D'v
966 2773 971 2819 Ι
999 2763 1080 2821 ign
1084 2777 1169 2808 avo
1195 2780 1222 2807 κ
1254 2764 1416 2831 innato
1443 2778 1468 2807 σ
1561 2768 1613 2808 17
1648 2764 1753 2807 add.
1773 2779 1800 2806 a
1836 2764 1839 2818 ξ

156 2820 380 2877 quicquid
421 2821 504 2865 alii
535 2836 598 2864 κσ
639 2821 830 2865 summis
863 2822 903 2880 ζ]
938 2822 1244 2879 quidquidem
1276 2822 1344 2866 ais
1376 2824 1429 2867 ut
1459 2823 1598 2866 nimis
1635 2825 1680 2867 Γ
1716 2822 1844 2878 quic-

156 2880 269 2935 quid
312 2880 478 2923 ematis
517 2883 571 2923 ut
616 2880 756 2924 nimis
789 2883 828 2924 Δ
994 2886 1047 2925 19
1089 2884 1392 2926 contemnant
1430 2883 1533 2940 NG]
1576 2883 1846 2925 contemnat

161 2943 215 2981 20
248 2940 330 2983 del.
358 2955 385 2982 a
511 2944 565 2983 21
601 2938 793 2996 aliquod
825 2942 864 2983 Δ
