2090 3198
290 116 399 169 332
1022 115 1249 159 FIRMICI

291 237 432 308 ginis
465 237 787 305 quicumque
817 236 1065 289 habuerit
1096 236 1473 305 horoscopum,
1513 258 1615 291 *a*
1663 258 1689 286 *
1728 260 1763 285 a*
1815 261 1838 285 *
1883 261 1907 286 *
1950 259 1975 287 ,ιι

291 310 1976 380 ******************<InparteXXX.

291 384 533 455 Virginis
575 385 896 452 quicumque
935 384 1184 436 habuerit
1226 384 1635 454 horoscopum>
1674 404 1808 454 quae
1853 404 1977 455 pars

290 458 418 526 <in>
450 462 687 511 extrema
717 458 858 510 linea
890 462 984 527 est,
1017 458 1427 526 attemptabitur
1459 459 1727 511 daemone.
1777 459 1977 522 Quodsi

289 532 435 584 Mars
483 535 576 584 aut
621 532 678 583 in
715 532 832 600 ipsa
870 532 1033 584 fuerit
1071 536 1237 600 parte,
1270 535 1362 584 aut
1401 535 1459 585 in
1498 551 1685 587 occasu
1724 534 1908 602 partiS,
1948 554 1979 586 a
2010 557 2045 588 -5

290 607 482 674 piratis
522 606 663 674 capti
702 606 1090 659 interficientur
1129 606 1185 658 in
1223 607 1370 658 mari.

889 782 1056 836 XXV.
1097 782 1379 853 [ΗΒΕΑ]

241 889 267 939 1
399 886 464 939 In
494 886 532 939 I.
558 890 709 955 parte
740 886 932 939 Librae
965 888 1288 955 quicumque
1322 887 1571 940 habuerit
1602 889 1977 958 horoscopum,

288 960 390 1014 erit
434 960 659 1030 pulchro
709 979 930 1029 corpore
971 965 1023 1014 et
1062 961 1307 1013 amabilis
1348 962 1521 1032 gratia
1561 962 1856 1015 venustatis
1897 982 1978 1016 or-

286 1039 458 1087 natus.
523 1034 725 1098 Quodsi
759 1034 1019 1087 Saturnus
1060 1035 1116 1087 in
1154 1035 1256 1087 hac
1292 1039 1443 1103 parte
1483 1036 1658 1102 fuerit,
1690 1037 1792 1088 erit
1832 1038 1978 1089 omni
2003 1059 2046 1091 ιο

290 1127 512 1177 corpore
551 1109 850 1162 incolumis,
919 1109 984 1160 In
1022 1113 1173 1177 parte
1212 1108 1279 1161 ΙΙ.
1318 1109 1511 1162 Librae
1550 1110 1814 1178 plurimae
1854 1115 1979 1164 sunt

291 1185 476 1235 stellae
501 1183 558 1235 in
591 1183 786 1251 quibus
821 1187 944 1236 sunt
970 1183 1105 1236 aliae
1137 1183 1476 1251 masculinae,
1509 1184 1643 1236 aliae
1673 1185 1977 1238 femininae.

290 1256 623 1326 Quicumque
655 1257 712 1309 in
742 1256 1052 1310 masculinis
1085 1257 1255 1310 stellis
1288 1257 1574 1310 habuerint
1604 1258 1978 1327 horoscopum,

287 1335 444 1383 erunt
490 1331 801 1400 hymnodici
853 1332 1078 1399 nobileS,
1119 1331 1315 1399 quibus
1364 1331 1582 1384 deorum
1630 1337 1833 1385 secreta
1871 1351 1977 1385 cre-

288 1406 492 1457 dantur.
563 1404 667 1466 Qui
705 1424 829 1458 vero
869 1407 926 1457 in
964 1406 1235 1458 femininis
1274 1405 1561 1458 habuerint
1601 1407 1783 1474 stelliS,
1823 1411 1977 1459 erunt
2002 1429 2044 1462 15

236 1480 493 1532 2cinaedi
548 1480 721 1549 gratia
776 1498 985 1548 semper
1037 1479 1359 1531 urbanitatis
1412 1481 1694 1549 perspicui.
1771 1480 1834 1533 In
1880 1479 1975 1533 III.

285 1557 438 1621 parte
476 1553 669 1605 Librae
709 1555 1030 1622 quicumque
1076 1554 1362 1606 habuerint
1407 1554 1780 1623 horoscopum,
1821 1558 1977 1607 erunt

289 1627 586 1681 sacerdotes
626 1629 754 1680 iusti
794 1627 1055 1698 longaevi.
1114 1627 1175 1680 In
1197 1627 1288 1679 IV.
1321 1632 1472 1697 parte
1503 1628 1695 1680 Librae
1737 1630 1976 1697 quicum-

287 1719 389 1769 que
442 1701 691 1754 habuerit
749 1701 1124 1770 horoscopum,
1179 1702 1280 1753 erit
1341 1701 1676 1754 citharoedus
1738 1704 1975 1756 musicus

286 1775 576 1828 dulcisonis
622 1775 844 1832 vocibus
896 1779 1128 1827 ornatus
1204 1774 1268 1828 In
1307 1774 1371 1827 V.
1411 1779 1561 1844 parte
1614 1776 1805 1829 Librae
1861 1777 1973 1845 qui·
1999 1799 2042 1831 20

287 1867 513 1917 cumque
559 1849 845 1902 habuerint
890 1849 1266 1918 horoscopum,
1314 1853 1470 1902 erunt
1517 1850 1707 1902 divites
1755 1851 1975 1921 copiosi,

287 1924 380 1975 sed
435 1924 527 1992 qui
582 1941 790 1992 semper
843 1923 900 1975 in
947 1923 1158 1976 iudiciis
1205 1927 1495 1976 versentur.
1572 1922 1636 1976 In
1683 1923 1776 1977 VI.
1823 1929 1975 1993 parte

285 1997 478 2050 Librae
511 1998 831 2066 quicumque
862 1996 1147 2049 habuerint
1179 1998 1552 2067 horoscopum,
1586 2002 1742 2050 erunt
1767 1999 1974 2067 divites,

235 2071 267 2122 3
287 2090 481 2142 magna
528 2071 908 2142 negotiationis
957 2072 1135 2124 officia
1184 2075 1487 2124 tractantes
1565 2071 1625 2123 In
1669 2071 1782 2124 VII.
1822 2078 1972 2141 parte

285 2145 478 2197 Librae
504 2146 826 2214 quicumque
850 2145 1137 2198 habuerint
1166 2146 1541 2215 horoscopum,
1565 2146 1737 2199 Marte
1769 2147 1826 2199 in
1857 2148 1972 2215 ipsa
1996 2167 2038 2199 25

285 2223 437 2288 parte
478 2220 786 2289 constitutO,
826 2239 856 2272 a
893 2219 1084 2288 piratis
1124 2219 1266 2288 capti
1307 2220 1507 2272 crudeli
1537 2223 1710 2272 morte
1741 2222 1972 2273 moriun-

407 2384 428 2421 1
465 2381 545 2423 lac.
579 2380 718 2423 indic.
751 2382 791 2422 Δ
824 2380 972 2435 suppl.
1004 2395 1031 2421 a
1169 2384 1192 2421 2
1226 2380 1332 2423 add.
1361 2384 1400 2422 N
1536 2384 1560 2422 3
1594 2380 1844 2423 habuerint
1874 2385 1913 2422 N

286 2443 313 2479 4
345 2439 450 2481 add.
486 2443 558 2479 Gv
615 2440 620 2494 Ι
680 2439 1084 2494 attemptabuntur
1107 2443 1145 2480 N
1181 2439 1484 2482 attentabunt
1507 2445 1541 2481 D
1600 2441 1604 2493 Ι
1663 2440 1910 2483 daemones
1935 2445 1970 2482 D

345 2502 371 2539 5
403 2499 486 2539 aut
509 2499 646 2553 prius
677 2511 759 2540 om.
793 2500 832 2540 A
892 2502 898 2553 Ι
955 2499 1090 2553 parte
1121 2497 1263 2540 fuerit
1294 2500 1333 2541 Δ
1482 2503 1507 2541 8
1541 2498 1707 2542 Librae
1734 2499 1801 2556 Γ]
1833 2498 1969 2541 huius

286 2555 408 2612 signi
441 2558 480 2599 Δ
604 2561 629 2598 9
663 2555 855 2599 amabili
886 2573 913 2599 κ
1045 2561 1098 2599 10
1130 2557 1219 2600 hac
1255 2558 1321 2614 Γ]
1355 2571 1410 2600 ea
1441 2560 1480 2600 Δ
1540 2559 1544 2613 Ι
1604 2557 1692 2599 erit
1723 2572 1805 2601 om.
1840 2562 1911 2599 Gv

287 2620 339 2658 11
368 2615 576 2672 corpore]
600 2617 808 2670 tempore
832 2620 867 2657 D
911 2618 916 2670 Ι
958 2615 1013 2658 ΙΙ.
1038 2631 1081 2671 p.
1109 2615 1157 2659 L.
1187 2618 1234 2659 Γ
1343 2621 1401 2658 12
1424 2616 1545 2658 aliae
1571 2621 1678 2659 sunt
1700 2621 1739 2658 N
1781 2619 1787 2672 Ι
1828 2630 1966 2659 masc.

286 2673 345 2717 al.
370 2674 476 2717 fem.
503 2676 542 2717 A
597 2673 703 2719 fem.
731 2674 789 2717 al.
815 2687 953 2717 masc,
984 2677 1030 2717 Γ
1147 2679 1201 2717 14
1233 2674 1457 2730 hymnodi
1482 2692 1508 2717 κ
1559 2677 1565 2730 1
1614 2675 1793 2718 nobiles
1818 2689 1900 2719 om.
1927 2677 1967 2718 A

287 2737 340 2775 15
374 2732 522 2776 stellis
581 2732 797 2776 abuerint
820 2736 859 2776 A
984 2738 1037 2776 16
1064 2736 1200 2789 grata
1226 2768 1235 2777 .
1263 2768 1271 2776 .
1301 2769 1308 2776 .
1335 2734 1601 2777 urbanitate
1625 2738 1664 2776 N
1785 2738 1839 2777 20
1865 2733 1968 2776 dul-

286 2791 414 2835 cibus
447 2792 572 2835 vocis
605 2792 727 2835 sonis
752 2795 791 2835 A
825 2794 979 2848 (sonus
1005 2794 1057 2847 D)
1092 2792 1216 2836 dulci
1248 2807 1359 2836 sono
1391 2794 1515 2836 vocis
1548 2810 1575 2835 κ
1709 2798 1763 2836 22
1798 2793 1878 2836 sed
1909 2794 1967 2850 N]

285 2853 331 2893 et
358 2853 405 2893 Γ
427 2864 510 2894 om.
535 2855 570 2892 Β
686 2855 741 2893 24
773 2864 946 2907 magna
969 2852 1073 2907 AG]
1100 2851 1248 2894 multa
1272 2851 1323 2893 A‘
1438 2856 1492 2895 25
1523 2853 1699 2894 horosc.
1725 2851 1830 2894 hab.
1857 2850 1906 2894 A'

286 2914 340 2951 26
372 2909 628 2953 morientur
661 2914 731 2951 Gv
764 2913 835 2965 (25
868 2910 1018 2952 Marte
1050 2936 1106 2941 —
1140 2914 1238 2963 333,
1265 2917 1288 2952 2
1323 2911 1628 2966 horoscopum
1661 2924 1742 2954 om.
1769 2914 1822 2966 A)
