2066 3192
207 642 240 694 6

209 1085 237 1136 7

212 1732 237 1782 1

262 135 331 187 78
983 134 1212 179 FIRMICI

258 274 355 326 per
392 259 446 308 et
483 255 743 326 placeant.
821 255 1038 308 Facient
1081 256 1241 310 etiam
1281 255 1481 310 scribas
1519 255 1750 325 publicis
1788 256 1948 310 ratio-

258 330 418 383 nibus
458 330 836 400 fiscalibusque
874 330 1224 399 praepositos,
1271 333 1324 382 et
1361 330 1580 400 publica
1618 330 1795 382 officia
1835 330 1948 383 sine

259 405 439 473 aliqua
469 404 880 474 reprehensione
910 407 1217 474 tractanteS‚
1255 404 1598 457 necessitates
1632 405 1806 475 regias
1839 405 1948 457 suis

260 478 701 548 dispositionibus
734 478 1053 532 ordinantes,
1122 477 1276 532 Alios
1307 478 1511 532 faciunt
1543 479 1849 532 caelestium
1882 479 1948 532 si-

260 553 444 606 derum
484 556 682 606 secreta
722 571 1058 624 cognoscere.

371 641 685 712 [Iuppiter
725 645 785 695 et
816 642 990 695 Luna
1027 642 1310 712 trigoni]
1353 641 1409 694 Si
1441 641 1683 711 Iuppiter
1715 645 1767 694 et
1797 641 1950 694 Luna

180 726 185 729 ’
256 716 522 786 trigonica
559 717 759 769 fuerint
796 717 1092 769 radiatione
1132 717 1417 785 coniuncti,
1456 719 1508 770 et
1549 716 1657 769 sint
1695 717 1852 769 ambo
1892 717 1949 768 in

257 792 536 858 oportunis
577 792 850 860 geniturae
887 791 1021 845 locis
1061 791 1244 859 positi,
1297 794 1350 843 et
1389 790 1455 843 ab
1496 791 1743 844 omnibus
1783 791 1948 843 deiec-

257 866 465 917 tionum
517 865 914 918 humilitatibus
968 867 1220 933 separati,
1276 866 1346 918 sit
1393 866 1555 918 etiam
1595 865 1746 918 Luna
1790 866 1950 934 plena

1995 590 2015 621 5

256 939 550 993 luminibus
559 981 572 1007 ,
626 939 825 992 facient
877 939 1122 992 homines
1177 940 1347 992 claros
1400 939 1596 992 notitia
1649 939 1947 992 nobilitatis
1974 960 2016 993 ιο

259 1017 497 1083 ornatos,
547 1017 600 1065 et
646 1014 818 1067 bonae
864 1015 1038 1067 famae
1083 1013 1451 1067 testimonium
1498 1013 1806 1083 perhibent,
1857 1013 1950 1065 sed

257 1106 355 1157 pro
388 1091 562 1140 cetera
592 1088 871 1159 geniturae
904 1088 1217 1141 substantia.
1286 1087 1425 1140 Aliis
1457 1087 1949 1157 potentissimarum

259 1162 779 1215 administrationum
840 1162 1112 1215 licentiam
1174 1162 1444 1231 tribuunt,
1505 1162 1639 1215 alios
1695 1162 1948 1214 exercitui

258 1239 621 1305 praeponunt,
691 1236 810 1289 aliis
873 1237 1225 1289 maximarum
1286 1237 1684 1306 provinciarum
1753 1235 1950 1289 iudicia

259 1311 613 1365 committunt.
700 1310 804 1364 Sed
857 1311 956 1363 hos
1012 1311 1223 1364 eosdem
1281 1330 1345 1364 ex
1406 1311 1617 1381 integra
1670 1313 1723 1363 et
1777 1311 1947 1364 incor-
1973 1331 2015 1364 15

257 1388 415 1454 rupta
464 1385 788 1438 iudicatione
837 1385 1149 1454 nobilitant,
1202 1388 1264 1438 ut
1317 1385 1446 1438 fides
1498 1404 1681 1438 eorum
1733 1388 1950 1438 ornetur

259 1478 467 1528 semper
505 1460 814 1528 incorrupta
851 1460 1070 1514 licentia
1107 1459 1405 1529 potestatis
1684 1478 1687 1481 ⁴

942 1662 943 1665 ,
1071 1623 1134 1676 V.

374 1726 559 1794 [Mars
600 1730 660 1779 et
700 1725 807 1779 Sol
846 1727 1129 1798 trigoni]
1187 1726 1242 1780 Si
1297 1727 1439 1780 Mars
1495 1730 1549 1780 et
1603 1725 1696 1779 Sol
1751 1726 1950 1779 fuerint

259 1801 524 1871 trigonica
569 1802 863 1854 radiatione
912 1801 1204 1869 coniuncti,
1243 1805 1296 1854 et
1343 1802 1451 1854 sint
1497 1800 1654 1854 ambo
1702 1802 1756 1852 in
1797 1818 1947 1870 opor·
1973 1822 2016 1853 20

259 1875 404 1928 tunis
437 1877 713 1946 geniturae
744 1875 876 1928 locis
908 1875 1088 1945 positi,
1128 1879 1181 1928 et
1212 1876 1277 1928 ab
1312 1875 1558 1929 omnibus
1593 1875 1947 1929 deiectionum

259 1949 653 2002 humilitatibus
693 1951 937 2019 separati,
975 1951 1237 2003 maximae
1275 1951 1558 2019 potestatis
1599 1953 1650 2002 et
1688 1950 1949 2002 maximae

259 2024 549 2076 decernunt
581 2024 858 2093 dignitatis
892 2025 1137 2094 insignia,
1175 2024 1488 2093 praesertim
1521 2025 1566 2076 si
1597 2024 1655 2075 in
1688 2026 1949 2077 nocturna

259 2098 504 2168 genitura
549 2100 603 2150 in
661 2098 844 2150 dextro
899 2098 1088 2151 Martis
1138 2101 1228 2151 Sol
1268 2098 1345 2168 [a]
1392 2098 1556 2152 latere
1615 2097 1777 2151 fuerit
1830 2116 1950 2150 con-

257 2260 321 2314 (1)
355 2266 634 2315 γραμματεῖς
664 2275 712 2303 τε
743 2256 771 2314 ἢ
805 2256 1055 2315 δημοσίους
1087 2259 1338 2312 διοικήσεις
1362 2258 1720 2314 πιστευομένους
1745 2258 1794 2303 ἐκ
1818 2260 1948 2316 βασι-

258 2316 372 2362 λέων
400 2318 480 2361 καὶ
503 2326 606 2369 ταῖς
628 2316 850 2373 πράξεσιν
876 2317 1152 2375 ἀμέμπτους.
1201 2321 1260 2374 (4)
1286 2317 1414 2362 ἄλλοι
1440 2315 1485 2363 δ’
1515 2316 1742 2374 αἰθερίων
1766 2317 1948 2374 ἄστρων

260 2375 513 2432 ἐπιίστορές
545 2377 674 2421 εἰσιν.
815 2383 868 2420 10
903 2381 1006 2432 172,
1031 2381 1093 2423 22
1125 2379 1323 2429 εὐκλεεῖς
1354 2378 1433 2421 καὶ
1466 2378 1722 2434 ἔμφρονας.
1779 2380 1869 2434 (12)
1903 2376 1946 2420 οἱ

259 2436 343 2491 μὲν
375 2435 598 2493 ἡγεμόνες
630 2436 811 2480 ἔσονται
845 2433 873 2491 ἢ
905 2435 1058 2490 κριταί
1095 2471 1132 2480 ..
1154 2473 1162 2480 .
1197 2436 1240 2481 οἱ
1271 2437 1321 2481 δὲ
1355 2444 1625 2491 στρατιῶται
1659 2436 1855 2481 ἔνοπλοι.

259 2500 313 2537 22
347 2499 451 2550 174,
473 2499 534 2540 25
565 2495 868 2552 ἀρχοντικοὺς
899 2503 1046 2539 ποιεῖ·
1081 2495 1195 2540 ἀλλὰ
1220 2493 1416 2570 βελτίων
1441 2495 1468 2552 ἡ
1495 2495 1611 2553 ἀρχὴ
1646 2494 1785 2552 ἔσται,
1819 2495 1945 2551 εἰπερ

259 2554 308 2598 ἐν
341 2560 584 2611 νυκτερινῇ
618 2553 791 2610 γενέσει
824 2554 873 2597 τὸ
907 2571 990 2611 μεν
1023 2552 1176 2607 δεξιὸν
1211 2554 1234 2598 ὃ
1257 2553 1417 2604 ’Ήλιος
1451 2554 1557 2613 ἔχει,
1595 2555 1646 2598 τὸ
1680 2555 1731 2599 δὲ
1771 2555 1946 2610 ἀριστε-

379 2707 400 2745 1
436 2701 677 2758 perficient
707 2705 747 2746 Δ
871 2708 896 2745 4
929 2702 1111 2746 faciunt
1142 2702 1258 2747 alios
1290 2705 1330 2745 Δ
1477 2706 1501 2745 9
1535 2702 1678 2745 etiam
1712 2703 1778 2760 Γ]
1823 2701 1944 2746 enim

259 2763 298 2803 Δ
424 2765 478 2804 10
510 2760 685 2804 facient
717 2761 859 2804 etiam
886 2764 924 2804 Δ
1051 2767 1103 2805 12
1136 2760 1564 2818 potentissimarum
1597 2760 1840 2804 civitatum
1866 2761 1947 2804 ad-

258 2819 825 2864 ministrationes.tribuit
857 2822 895 2862 Δ
930 2820 1096 2863 tribuit
1128 2826 1168 2865 et
1198 2824 1276 2862 BG
1307 2835 1419 2865 corr.
1445 2819 1493 2862 A'
1628 2825 1683 2864 22
1716 2820 1946 2863 maximae

257 2892 338 2981 {ieci
365 2879 406 2935 σ]
434 2879 635 2922 maxima
729 2883 783 2921 23
816 2879 865 2921 in
891 2879 1053 2922 dextro
1077 2880 1126 2922 in
1156 2882 1201 2923 Γ
1221 2885 1402 2936 praeter
1425 2884 1482 2933 A3
1516 2894 1578 2923 an
1603 2893 1631 2922 a
1656 2878 1850 2923 dextro?
1875 2894 1901 2923 σ

290 2951 311 2981 e
333 2974 340 2980 .
366 2952 395 2980 v
