2084 3192
291 189 324 241 2
329 189 397 241 68
1024 187 1252 232 FIRMICI

1037 352 1232 406 XXIV.

242 459 269 510 1
405 456 522 525 [De
577 457 937 526 damnatis]
1018 456 1075 510 Si
1129 458 1278 509 locus
1333 457 1665 510 necessitatis
1720 457 1777 509 in
1823 457 1982 510 domo

289 530 541 583 Mercurii
579 530 743 583 fuerit
781 532 1053 599 inventus,
1090 531 1243 583 Luna
1289 549 1414 583 vero
1461 531 1519 583 in
1567 532 1724 583 domo
1767 530 1983 584 Saturni

290 606 377 657 vel
422 604 612 656 Martis
656 604 820 657 fuerit
865 605 1103 674 inventa,
1148 604 1473 657 Mercurium
1521 623 1645 658 vero
1693 604 1837 658 Mars
1892 609 1985 658 aut

293 677 552 731 Saturnus
593 679 850 747 quadrata
898 682 991 731 aut
1038 679 1294 732 diametra
1339 679 1636 732 radiatione
1683 680 1984 748 respiciant,
2031 701 2050 733 5

291 756 385 804 aut
423 771 544 806 cum
585 753 703 822 ipso
743 754 800 804 in
839 753 1019 821 aliquo
1077 753 1288 806 cardine
1333 754 1534 806 fuerint
1574 755 1845 822 collocati,
1893 757 1986 806 aut

293 828 336 879 si
377 827 435 878 in
474 827 707 879 anaforis
745 826 832 879 vel
870 829 926 880 in
966 827 1305 895 epicataforis
1346 827 1642 896 cardinum,
1691 830 1783 879 aut
1831 827 1875 879 si
1929 827 1986 880 in

290 900 590 970 horoscopo
637 900 723 952 vel
769 901 826 952 in
877 901 995 953 loco
1042 900 1311 954 Fortunae
1358 901 1443 953 vel
1493 903 1549 954 in
1594 901 1713 953 loco
1760 902 1981 954 necessi-

290 974 419 1027 tatis
466 975 666 1027 fuerint
714 975 1015 1043 constituti,
1061 975 1267 1028 faciunt
1315 975 1555 1044 quolibet
1601 993 1793 1046 genere
1841 976 1987 1027 dam-

122 1060 301 1105 soz-WI
320 1048 451 1100 nari.
529 1047 587 1101 Si
625 1067 750 1101 vero
789 1050 940 1102 locus
971 1050 1303 1102 necessitatis
1336 1050 1392 1101 in
1425 1050 1583 1102 domo
1615 1049 1865 1102 Mercurii
1898 1051 1985 1102 vel
2010 1071 2053 1102 ιο

240 1122 349 1175 2111
389 1123 547 1175 (101110
594 1122 776 1175 Lunae
821 1123 984 1176 fuerit
1029 1124 1301 1192 inventus,
1352 1127 1444 1175 aut
1491 1123 1547 1175 in
1594 1124 1752 1177 domo
1793 1123 1984 1176 Martis

292 1199 385 1250 aut
423 1198 480 1249 in
520 1197 678 1249 domo
722 1195 962 1266 Saturni,
1010 1201 1063 1250 et
1110 1198 1180 1250 sit
1226 1199 1283 1250 in
1329 1198 1509 1266 aliquo
1560 1199 1837 1268 geniturae
1878 1216 1986 1251 car-

293 1270 414 1322 dine
452 1272 602 1323 locus
642 1271 755 1339 ipse
793 1271 1062 1339 partiliter
1101 1272 1446 1340 constitutuS,
1486 1275 1539 1324 et
1585 1290 1650 1323 ex
1694 1271 1778 1324 his
1819 1272 1986 1324 omni-

291 1345 392 1396 bus
434 1345 603 1397 stellis
645 1363 870 1413 quarum
909 1346 1234 1398 mentionem
1272 1347 1494 1399 fecimus
1542 1346 1721 1414 aliqua
1770 1347 1826 1397 in
1866 1364 1985 1397 ana-

292 1419 425 1471 foris
466 1421 550 1471 vel
589 1420 646 1471 in
693 1419 1031 1487 epicataforis
1078 1421 1240 1472 fuerit
1286 1420 1524 1488 inventa,
1576 1421 1738 1472 simili
1788 1420 1986 1472 facient
2010 1440 2052 1473 15

292 1493 498 1546 ratione
561 1493 813 1545 damnari.
906 1493 1288 1546 Damnationes
1352 1497 1478 1546 sunt
1543 1497 1720 1547 autem
1781 1493 1986 1546 metalli

243 1567 471 1635 3operis
509 1567 714 1635 publici
754 1567 900 1620 exilii
940 1571 992 1620 et
1030 1568 1158 1620 ludi.
1239 1567 1342 1620 Sed
1382 1572 1435 1621 et
1481 1569 1526 1620 si
1572 1569 1722 1620 locus
1762 1568 1988 1620 necessi-

294 1641 421 1693 tatis
484 1642 540 1692 in
594 1659 774 1693 earum
830 1644 1105 1694 stellarum
1160 1661 1384 1726 quarum
1443 1642 1674 1693 diximus
1738 1641 1986 1694 domibus

293 1714 455 1766 fuerit
495 1715 757 1783 inventUS,
795 1715 920 1783 (et)
960 1716 1217 1784 quaedam
1257 1734 1322 1767 ex
1361 1717 1489 1784 ipsis
1530 1717 1586 1767 in
1628 1716 1863 1768 anaforis
1902 1716 1988 1768 vel

294 1788 350 1840 in
406 1789 745 1857 epicataforis
791 1789 1014 1858 fuerint,
1069 1790 1202 1842 aliae
1256 1808 1381 1842 vero
1440 1791 1497 1841 in
1553 1789 1854 1842 cardinibus
1901 1809 1986 1842 ex—
2011 1812 2055 1843 20

295 1863 475 1931 istant,
515 1864 684 1916 iustae
718 1863 923 1915 faciunt
963 1863 1317 1916 damnationis
1351 1864 1631 1916 discrimen
1665 1863 1865 1932 inponi.
1930 1862 1987 1916 81

295 1954 419 1990 vero
459 1937 543 1988 his
585 1937 834 1989 omnibus
876 1938 951 1990 sic
990 1940 1051 1989 ut
1083 1938 1313 1989 diximus
1354 1938 1627 2006 ordinatiS,
1657 1936 1900 2006 Iuppiter
1930 1939 1987 1989 in

295 2010 408 2062 MC.
454 2011 777 2063 constitutus
825 2010 1103 2064 malivolas
1152 2014 1332 2065 stellas
1379 2030 1636 2080 prospera
1688 2011 1986 2064 radiatione

297 2085 593 2153 conveniat,
633 2085 872 2137 omnium
914 2086 1315 2138 damnationum
1356 2086 1661 2138 discrimina
1699 2084 1985 2156 mitigabit.

297 2158 446 2210 Tunc
501 2159 641 2211 enim
695 2163 818 2227 post
876 2163 1078 2212 certum
1126 2160 1384 2228 temporis
1438 2161 1669 2228 spatium
1726 2178 1791 2211 ex
1836 2178 1986 2228 prae·
2011 2180 2052 2212 25

298 2232 454 2284 dictis
512 2233 942 2285 damnationibus
996 2233 1231 2301 liberati,
1286 2234 1625 2303 imperatoris
1679 2233 1876 2285 iudicio
1934 2237 1985 2285 et

298 2306 650 2376 dignitatibus
691 2307 801 2359 suis
841 2308 1191 2359 restituentur
1230 2310 1282 2358 et
1327 2309 1544 2375 patriae.
1624 2306 1682 2359 Si
1726 2325 1853 2360 vero
1899 2307 1986 2358 his

299 2381 545 2432 omnibus
600 2379 744 2433 Iovis
798 2381 963 2432 fuerit
1022 2382 1389 2433 testimonium
1448 2380 1787 2451 denegatum,
1848 2382 1986 2432 iuste

246 2453 576 2506 4damnatos
616 2472 826 2506 severae
866 2455 1310 2507 animadversioni
1348 2455 1546 2507 facient
1585 2455 1871 2524 subiugari.
1929 2453 1985 2506 Si

300 2527 545 2579 dominus
587 2528 699 2580 eius
731 2529 870 2598 signi
909 2528 966 2580 in
1006 2547 1110 2596 quo
1150 2530 1298 2580 locus
1337 2529 1669 2581 necessitatis
1708 2529 1870 2580 fuerit
1909 2528 1984 2579 in·
2010 2549 2052 2580 30

419 2692 443 2729 2
478 2689 637 2731 lemma
669 2702 752 2732 om.
784 2691 865 2729 BN
986 2693 1012 2730 4
1044 2688 1299 2732 Mercurius
1332 2691 1378 2731 Γ
1493 2693 1518 2731 5
1549 2688 1719 2731 radiat.
1751 2702 1867 2743 resp.
1903 2689 1985 2729 aut

300 2745 528 2789 diametra
552 2749 591 2789 Δ
716 2752 741 2790 6
774 2747 875 2803 ipso
909 2746 974 2789 sic
1006 2747 1181 2790 fuerint
1211 2747 1260 2790 in
1292 2747 1449 2802 aliquo
1478 2748 1665 2790 cardine
1688 2749 1728 2789 Δ
1851 2751 1876 2789 8
1909 2746 1985 2789 vel

298 2804 400 2847 1000
424 2804 639 2848 fortunae
665 2808 704 2848 Δ
831 2810 883 2848 10
918 2806 1053 2849 (101110
1078 2808 1117 2864 ζ]
1150 2806 1251 2850 1000
1375 2812 1426 2849 17
1460 2808 1507 2849 et
1529 2805 1630 2848 ludi
1662 2820 1743 2849 om.
1770 2807 1809 2847 Δ
1855 2807 1859 2860 Ι
1903 2805 1984 2852 sed

300 2865 347 2906 et
379 2863 417 2906 si
450 2865 488 2921 ζ]
524 2864 604 2906 sed
638 2865 676 2907 si
692 2868 732 2906 -B
765 2865 845 2908 sed
879 2866 926 2907 et
956 2871 1030 2908 cet.
1178 2870 1231 2908 19
1265 2866 1369 2908 add.
1400 2881 1427 2907 a
1571 2869 1625 2908 20
1657 2864 1798 2907 fuerit
1830 2863 1923 2905 A'B

301 2927 354 2964 22
390 2922 528 2980 (sic)
562 2922 682 2966 sicut
714 2938 739 2966 σ
890 2928 943 2966 23
978 2924 1255 2967 constitutas
1287 2927 1370 2966 ΔΒ
1524 2928 1577 2967 26
1611 2925 1657 2966 et
1693 2923 1756 2980 Γ]
1801 2922 1850 2965 in
1882 2925 1921 2964 Δ

301 2985 355 3023 29
389 2994 547 3024 severa
579 2982 976 3026 animadversione
1008 2986 1094 3025 AG
