2100 3186
809 143 873 188 VI
904 147 975 199 36,
999 147 1155 200 4—37,
1177 156 1214 188 4.
1745 142 1850 195 201

164 264 311 317 varia
349 263 787 334 inaequabilitate
826 263 1110 332 mutabile,
1148 266 1210 316 ut
1247 262 1526 334 angustiae
1563 263 1857 331 repentinis

167 338 369 392 divitiis
418 337 733 407 releventur,
783 341 836 391 et
888 338 1103 391 divitias
1154 355 1336 390 rursus
1384 337 1718 407 paupertatis
1765 355 1858 389 an-

166 413 373 482 gustiae
411 412 816 482 subsequantur.

691 572 964 627 XXXVII.
1012 572 1323 644 [VENUS]

120 700 140 733 5
275 677 472 732 Veneri
513 696 724 747 quoque
762 677 814 730 X
853 695 1115 731 annorum
1162 679 1216 730 et
1261 675 1339 730 IX
1377 677 1640 730 mensium
1682 678 1857 746 spatia
1877 678 1904 730 1

166 752 482 806 deferentur.
554 751 687 805 Cum
725 753 908 821 itaque
940 750 1124 804 Venus
1157 751 1372 804 domina
1402 754 1708 820 temporum
1740 752 1855 805 fue-

163 828 249 895 rit,
300 827 480 880 omnia
530 829 582 879 et
632 826 686 878 in
739 825 859 895 ipsa
907 826 1027 895 pari
1077 825 1235 878 debes
1286 824 1494 878 ratione
1539 826 1856 896 perspicere,

164 919 299 971 quae
352 901 409 953 in
465 901 653 954 ceteris
708 899 1036 953 observanda
1086 918 1200 954 esse
1250 899 1684 953 monstravimus,
1771 900 1856 952 Ex

164 976 310 1028 omni
358 974 539 1044 itaque
584 973 690 1028 hoc
736 977 979 1043 tempore
1018 974 1138 1043 ipsa
1179 973 1282 1027 sibi
1321 972 1454 1027 VIII
1492 977 1705 1027 tantum
1745 974 1857 1027 vin-

101 1071 143 1103 ιο
169 1049 311 1102 dicat
348 1065 573 1103 menses,
650 1047 771 1102 Hoc
816 1049 999 1118 itaque
1047 1049 1196 1101 omni
1240 1051 1482 1117 tempore
1519 1048 1697 1117 <tori>
1736 1066 1858 1102 0011-

168 1122 364 1194 iugalis
404 1123 652 1176 affectum
693 1122 925 1175 maxima
962 1123 1164 1175 relevat
1204 1122 1377 1192 gratia
1414 1123 1726 1191 venustatiS,
1766 1123 1858 1177 sed

161 1200 215 1250 et
244 1198 504 1250 laetitiam
535 1197 771 1249 maxima
803 1214 924 1249 011111
949 1196 1233 1250 securitate
1259 1196 1509 1265 decernit,
1540 1197 1857 1266 praesertim

162 1271 207 1324 si
246 1272 523 1342 geniturae
561 1271 724 1324 fuerit
764 1271 991 1324 domina.

274 1344 332 1399 Si
370 1344 554 1399 Venus
593 1348 898 1415 temporum
939 1345 1155 1398 domina
1193 1344 1358 1398 fuerit
1397 1345 1609 1415 effecta,
1659 1364 1724 1398 ex
1773 1345 1854 1397 de·
1874 1345 1910 1397 2

94 1440 135 1473 15
161 1419 349 1473 cennio
391 1437 486 1473 suo
520 1418 751 1472 Saturno
782 1418 936 1472 XXX
968 1419 1189 1489 deputat
1219 1437 1442 1472 menses.
1509 1417 1643 1471 Cum
1674 1419 1857 1489 itaque

163 1491 423 1547 Saturnus
471 1493 786 1563 deputatum
833 1493 936 1546 sibi
983 1512 1014 1546 a
1055 1492 1264 1547 Venere
1318 1497 1529 1563 tempus
1580 1494 1856 1562 acceperit,

159 1570 253 1620 aut
293 1588 319 1617 *
341 1588 366 1616 *
387 1587 412 1617 *
431 1587 460 1618 *
478 1587 504 1617 *
545 1585 666 1620 cum
713 1567 937 1620 muliere
984 1586 1174 1639 graves
1224 1567 1575 1620 dissensionis
1614 1567 1856 1639 indigna-

159 1642 333 1695 tiones
374 1642 625 1712 exagitat.
702 1641 853 1694 Tunc
891 1641 1035 1694 enim
1081 1642 1146 1695 ab
1195 1660 1361 1694 uxore
1408 1645 1502 1694 aut
1549 1645 1723 1694 morte
1763 1646 1857 1695 aut

160 1715 526 1768 simultatibus
567 1719 894 1786 separantur.

93 1813 136 1845 20
273 1789 330 1843 Si
369 1789 553 1843 Venus
599 1794 903 1859 temporum
951 1790 1168 1842 domina
1206 1789 1370 1843 fuerit
1409 1791 1619 1857 effecta,
1666 1808 1731 1843 ex
1771 1790 1907 1844 ‹ie-3

160 1864 348 1916 cennio
405 1882 501 1917 suo
556 1862 674 1917 Iovi
718 1862 824 1916 XII
878 1864 1099 1933 deputat
1154 1881 1376 1917 menses,
1454 1862 1589 1916 Cum
1641 1865 1822 1934 itaque
1841 1876 2045 1921 f0187011

158 1937 404 2007 Iuppiter
454 1938 769 2007 deputatum
822 1938 925 1990 sibi
976 1957 1007 1991 a
1052 1937 1262 1991 Venere
1304 1941 1526 2011 tempus
1577 1939 1856 2009 acceperit,

160 2012 362 2064 bonum
410 2012 625 2080 quidem
671 2015 885 2081 tempus
926 2015 980 2064 et
1018 2012 1218 2065 laetum
1259 2001 1518 2083 decernit,
1570 2013 1661 2065 sed
1702 2031 1855 2082 quas-

162 2086 282 2138 dam
323 2085 569 2139 infamias
608 2086 884 2156 cogitabit.

93 2182 135 2215 35
274 2159 332 2213 Si
371 2158 554 2213 Venus
593 2163 899 2229 temporum
940 2160 1156 2213 domina
1196 2159 1360 2212 fuerit
1401 2159 1610 2230 effecta,
1665 2179 1730 2213 ex
1770 2161 1907 2214 cle-4

161 2234 349 2286 cennio
407 2251 501 2286 suo
544 2232 707 2286 Marti
746 2233 849 2287 XV
905 2234 1126 2303 deputat
1181 2252 1402 2287 menses.
1484 2232 1617 2287 Cum
1672 2234 1853 2304 itaque

160 2307 306 2360 Mars
341 2307 655 2377 deputatum
688 2307 791 2360 sibi
824 2326 856 2361 a
886 2307 1094 2360 Venere
1126 2311 1338 2377 tempus
1372 2308 1647 2377 acceperit,
1683 2309 1854 2361 multa

278 2472 303 2510 2
335 2467 600 2511 relevantur
631 2482 743 2513 corr.
775 2474 810 2510 D
850 2470 855 2524 Ι
899 2468 1119 2526 angustia
1149 2470 1216 2513 vel
1248 2468 1490 2525 angustias
1524 2471 1563 2512 Δ
1687 2473 1713 2512 3
1746 2469 1852 2513 sub-

159 2529 416 2582 sequuntur
438 2531 477 2569 N
597 2531 624 2569 4
657 2528 817 2572 lemma
848 2541 930 2572 om.
958 2530 998 2571 A
1121 2531 1147 2570 ὅ
1179 2527 1220 2570 X
1249 2528 1359 2571 anni
1392 2529 1439 2572 et
1470 2527 1532 2570 IX
1556 2541 1738 2571 menses
1771 2529 1852 2572 de-

157 2585 370 2629 feruntur
400 2588 440 2629 A
580 2591 605 2629 6
637 2588 779 2643 temp.
815 2586 935 2631 dom.
962 2589 1002 2630 A
1141 2591 1163 2629 7
1200 2588 1246 2630 et
1277 2587 1383 2644 ipsa
1413 2587 1570 2630 omnia
1602 2590 1642 2630 A
1676 2587 1853 2643 (omnia

159 2647 206 2689 et
236 2645 341 2702 ipsa
374 2647 423 2701 G)
460 2647 465 2701 Ι
504 2645 732 2701 respicere
764 2648 804 2689 A
928 2650 953 2690 8
987 2645 1214 2691 servanda
1245 2648 1285 2689 A
1411 2650 1465 2690 10
1498 2646 1623 2690 omni
1655 2660 1737 2690 om.
1773 2649 1812 2690 A
1841 2647 1846 2704 Ι

159 2705 269 2749 add.
295 2718 319 2747 σ
351 2704 580 2761 (coniugis
605 2706 643 2760 ζ)
767 2709 819 2747 12
854 2719 959 2748 011111
990 2705 1194 2749 maxima
1222 2707 1262 2748 A
1387 2710 1440 2748 13
1475 2705 1689 2749 dominus
1713 2709 1792 2747 BG

161 2768 214 2807 16
249 2763 474 2807 Saturnus
500 2769 606 2820 post
636 2763 814 2808 Venere
838 2778 950 2820 pon.
987 2767 1033 2808 Γ
1150 2769 1203 2807 17
1238 2765 1320 2807 aut
1350 2765 1417 2822 Γ]
1451 2766 1586 2807 erunt
1617 2767 1656 2807 A
1709 2767 1714 2819 Ι
1766 2765 1849 2808 Iac.

159 2827 263 2867 stat.
289 2837 353 2866 κσ
402 2823 408 2880 Ι
459 2821 768 2866 dissensiones
793 2823 1117 2880 indignatione
1143 2837 1226 2866 sua
1259 2822 1408 2879 agitat
1433 2824 1629 2879 (cogitat
1652 2826 1711 2880 A)
1735 2838 1848 2868 corr

159 2895 224 2925 κσ
339 2887 392 2926 19
427 2881 666 2925 simultate
692 2884 935 2938 separatur
959 2885 998 2925 A
1122 2886 1178 2924 20
1212 2882 1400 2926 domina
1423 2882 1565 2925 tuerit
1588 2884 1849 2939 temporum

160 2944 238 2982 BG
360 2945 414 2984 23
448 2940 729 2996 quibusdam
760 2945 797 2983 Δ
919 2946 974 2985 24
1007 2941 1209 2998 agitabit
1241 2957 1268 2983 a
1308 2941 1564 2985 concitabit
1595 2959 1622 2985 κ
