2066 3192
258 147 330 199 64
985 145 1214 190 FIRMICI

253 267 682 322 accusationibus
721 267 993 338 inplicari,
1032 270 1086 320 et
1125 267 1320 320 carceri
1359 268 1544 337 tradit,
1583 273 1675 323 aut
1713 270 1945 340 publicis

251 343 387 413 ligat
424 341 651 395 vinculis
692 344 1012 395 catenarum.
1092 340 1149 394 Si
1195 360 1321 395 vero
1360 341 1497 396 nihil
1535 343 1730 398 horum
1770 343 1944 413 fuerit,

251 417 475 470 miseros
522 416 715 469 misera
759 418 934 467 morte
979 417 1287 485 prosternit,
1332 417 1716 486 patrimonium
1763 436 1824 471 ac
1870 420 1945 472 vi-

251 493 363 543 tam
404 490 604 559 pariter
641 489 913 559 humiliat,
956 489 1088 542 vitia
1128 490 1447 544 valitudines
1487 494 1540 544 et
1579 492 1767 545 acerba
1807 510 1944 545 mor-

251 564 321 617 tis
362 564 668 617 discrimina
707 582 828 616 cum
866 563 1060 617 misera
1100 564 1400 617 calamitate
1440 565 1689 618 decernit.
1988 587 2008 621 5

1034 726 1153 779 VII.

208 833 235 885 1
367 830 515 883 Haec
553 831 653 883 tibi
686 834 811 882 sunt
844 832 1024 883 omnia
1056 830 1290 883 Mavorti
1330 831 1489 884 decus
1528 837 1787 901 nostrum,
1828 851 1942 902 spe-

252 905 457 958 cialiter
507 904 780 971 intimata,
840 922 938 956 nec
992 924 1022 957 a
1074 904 1232 958 nobis
1285 905 1489 974 aliquid
1551 906 1639 975 [de
1692 904 1797 977 me]
1862 910 1943 959 est

247 979 701 1049 praetermissum,
749 979 892 1048 quod
939 978 1092 1047 [non]
1146 979 1346 1032 divini
1394 983 1640 1034 veteres
1687 983 1740 1033 et
1785 980 1940 1034 istius

249 1049 567 1122 interpretes
607 1053 919 1123 disciplinae
958 1053 1236 1122 prudentis
1277 1054 1543 1106 sollertiae
1575 1058 1628 1107 et
1660 1055 1804 1107 docti
1837 1073 1939 1107 ser·
1965 1077 2007 1110 10

249 1128 422 1181 monis
477 1128 653 1181 studio
705 1129 1060 1196 protulerunt.
1138 1127 1242 1180 Sed
1290 1128 1394 1180 hoc
1444 1128 1588 1197 quod
1637 1128 1942 1197 frequenter

248 1202 479 1255 diximus
530 1202 720 1254 iisdem
771 1202 1083 1271 prudentiae
1133 1205 1256 1254 tuae
1307 1203 1816 1255 commonitionibus
1863 1205 1940 1256 in—

246 1276 514 1346 timamuS‚
552 1279 614 1329 ut
661 1294 872 1330 omnem
911 1276 1020 1328 vim
1068 1278 1358 1346 stellarum,
1397 1276 1658 1328 mixturas
1699 1278 1936 1330 omnium

247 1351 537 1421 signorum,
576 1350 813 1420 partium
853 1351 1012 1403 etiam
1059 1351 1324 1404 efficacias
1371 1369 1468 1420 pro
1511 1351 1751 1404 locorum
1791 1355 1938 1420 pote-

247 1426 474 1478 statibus
527 1443 799 1493 conpares‚
849 1442 947 1476 nec
997 1443 1060 1476 ex
1111 1425 1270 1477 unius
1323 1427 1508 1478 stellae
1558 1443 1717 1478 cursu
1766 1428 1936 1478 totam
1964 1448 2004 1480 15

194 1502 227 1553 2
246 1500 522 1568 geniturae
561 1499 693 1551 velis
733 1499 999 1567 explicare
1040 1499 1409 1568 substantiam,
1450 1499 1541 1551 sed
1579 1500 1937 1569 horoscopum

246 1591 365 1626 cum
416 1572 520 1626 XII
574 1572 813 1626 locorum
867 1573 1224 1642 potestatibus
1279 1573 1484 1643 iungaS,
1541 1576 1723 1626 stellas
1778 1575 1938 1626 etiam

245 1665 364 1700 cum
407 1647 575 1700 stellis
617 1647 844 1718 singulis
886 1665 1166 1716 conpares,
1222 1651 1275 1700 et
1314 1666 1534 1716 quaeras
1577 1665 1713 1716 quae
1753 1649 1938 1701 stellae

244 1740 362 1775 cum
405 1721 704 1790 horoscopo
746 1740 851 1790 qua
888 1721 1185 1774 radiatione
1223 1722 1534 1792 iungantur,
1586 1725 1638 1773 et
1676 1725 1936 1790 quatenus

242 1797 383 1848 vires
413 1815 533 1849 suas
559 1798 742 1848 stellae
768 1799 821 1848 et
844 1800 988 1864 ipsae
1020 1800 1112 1848 aut
1143 1796 1441 1866 inpugnent
1472 1799 1564 1848 aut
1597 1795 1935 1867 erigan[tur]‚
1961 1819 2003 1850 20

245 1887 376 1938 quas
401 1870 561 1922 etiam
585 1870 786 1922 formas
813 1869 1040 1941 singulis
1065 1872 1234 1923 stellis
1268 1871 1543 1940 signorum
1575 1873 1668 1922 aut
1699 1870 1933 1938 partium

241 1944 501 1996 naturalis
541 1944 746 2012 species
786 1944 1069 2012 attribuat,
1114 1944 1242 2013 quid
1282 1943 1618 2013 singulorum
1657 1944 1819 1996 etiam
1857 1945 1935 1996 lo-

243 2036 422 2070 corum
458 2036 520 2070 ac
551 2018 826 2070 cardinum
859 2018 1106 2071 decernat
1138 2019 1440 2070 auctoritas,
1499 2017 1631 2070 Cum
1662 2019 1794 2070 haec
1826 2035 1934 2069 om-

241 2092 330 2144 nia
378 2092 554 2162 sagaci
599 2092 800 2144 fuerint
846 2092 1195 2161 inquisitione
1235 2094 1476 2162 collecta,
1527 2095 1657 2144 tunc
1695 2092 1935 2161 inspecta

240 2165 515 2236 geniturae
564 2166 863 2219 substantia
911 2166 974 2218 de
1021 2166 1248 2237 singulis
1295 2167 1453 2219 rebus
1499 2184 1683 2235 prome
1728 2168 1933 2218 senten-
1956 2188 1998 2220 25

241 2240 358 2306 tiae,
398 2241 489 2293 sed
526 2240 622 2292 has
663 2240 872 2293 easdem
912 2240 1185 2294 moderata
1222 2241 1370 2309 prius
1411 2240 1787 2308 conparatione
1825 2240 1930 2292 for-

190 2315 223 2366 3
242 2316 424 2366 matas,
499 2312 661 2366 Ortus
701 2315 862 2367 etiam
904 2318 956 2366 et
995 2316 1293 2384 anaphoras
1331 2315 1608 2385 signorum
1648 2313 1931 2384 diligenter

360 2479 385 2517 8
419 2474 476 2517 de
508 2487 582 2517 me
614 2475 696 2519 del.
722 2490 751 2517 v
784 2477 972 2531 (temere
1004 2474 1063 2517 1³²
1093 2480 1205 2519 recte
1220 2473 1261 2531 .9)
1370 2479 1395 2517 9
1427 2488 1521 2518 non
1552 2475 1634 2519 del.
1660 2489 1688 2516 a
1714 2475 1720 2529 Ι
1750 2475 1929 2517 veteres

241 2533 287 2590 κ]
312 2533 495 2590 generis
589 2538 643 2577 10
670 2533 886 2577 solertiae
912 2551 946 2577 ω
971 2540 1156 2590 praeter
1179 2538 1218 2575 N
1308 2538 1360 2577 12
1395 2532 1781 2577 commotionibus
1813 2545 1925 2577 corr.

239 2607 269 2634 v
361 2597 415 2635 13
448 2605 630 2636 omnem
668 2593 891 2648 (omnium
922 2596 976 2647 N)
1018 2592 1257 2637 stellarum
1299 2592 1549 2636 mixturam
1588 2592 1682 2636 vim
1722 2591 1928 2636 omnium

240 2653 280 2694 Δ
376 2656 430 2694 14
462 2652 603 2694 etiam
637 2652 693 2709 A]
726 2654 773 2696 et
866 2656 919 2694 15
951 2665 1035 2707 per
1066 2667 1140 2696 un.
1169 2653 1224 2695 st.
1250 2665 1433 2695 cursum
1466 2651 1611 2695 totius
1642 2650 1757 2694 velis
1798 2650 1927 2707 geni-

240 2712 371 2753 turae
397 2712 436 2753 A
532 2715 583 2753 17
617 2710 823 2755 locorum
855 2725 938 2755 om.
965 2713 1004 2754 Δ
1111 2715 1164 2754 18
1198 2710 1335 2754 stella
1362 2713 1408 2754 Γ
1511 2715 1564 2754 19
1589 2710 1812 2767 iungatur
1836 2713 1866 2752 0

241 2773 296 2812 20
329 2768 494 2813 stellae
524 2771 682 2828 NA2v]
718 2769 856 2814 stella
883 2772 889 2826 Ι
918 2771 965 2813 et
997 2769 1078 2814 del.
1105 2787 1132 2814 κ
1160 2772 1167 2826 Ι
1194 2770 1276 2815 del.
1303 2786 1329 2812 a
1444 2774 1497 2814 21
1532 2770 1633 2826 aut]
1661 2768 1731 2812 vel
1754 2773 1867 2811 Nva.

241 2832 295 2870 23
322 2828 530 2872 decernit
553 2842 663 2872 corr.
684 2845 710 2871 a
823 2834 879 2872 24
905 2828 1101 2872 collecta
1125 2831 1223 2886 ΒΘ]
1249 2828 1420 2872 collata
1529 2833 1584 2872 25
1617 2827 1790 2873 sentias
1822 2830 1862 2870 A

241 2891 295 2928 26
328 2887 552 2931 formatas
585 2889 640 2945 A]
673 2888 844 2931 formas
871 2888 967 2930 OBb
1000 2888 1202 2931 formata
1232 2890 1319 2931 AG
1441 2891 1493 2931 27
1530 2886 1667 2930 Ortus
1700 2887 1743 2944 σ]
1777 2887 1922 2929 sortes

245 2947 290 2988 Γ
332 2946 468 2989 sortis
501 2949 540 2989 A
