2066 3192
214 99 284 154 98
941 99 1170 144 FIRMICI

983 220 1130 274 XIII.

165 312 192 363 1
325 309 559 379 [Venus
609 313 669 363 et
713 309 1070 363 Mercurius
1118 310 1454 380 quadrati]
1525 309 1582 362 Si
1621 308 1804 362 Venus
1851 312 1904 362 et

213 383 504 436 Mercurius
553 384 813 452 quadrata
859 383 1059 437 fuerint
1104 383 1400 436 radiatione
1455 384 1741 454 coniuncti,
1792 384 1905 452 qui-

214 476 420 527 cunque
453 458 694 526 ipsorum
727 458 973 511 dextrum
998 458 1316 527 quadratum
1341 458 1566 528 [levum]
1593 457 1903 527 possederit,

215 532 393 585 omnia
431 532 699 600 aequabili
737 533 942 586 ratione
982 532 1285 585 decernunt.
1354 532 1631 585 Praeclara
1671 533 1812 584 enim
1852 535 1905 584 et
1951 555 1970 587 5

214 605 457 659 amabilis
497 607 772 659 cuiusdam
812 607 941 660 artis
974 607 1153 660 officia
1187 606 1421 660 decernit
1451 608 1555 660 ista
1586 607 1905 672 coniunctiO,

175 747 179 749 Π
214 684 306 732 aut
352 699 576 751 magnae
624 681 899 735 cuiusdam
947 681 1219 734 doctrinae
1266 700 1330 733 ex
1374 681 1477 734 ista
1531 682 1903 734 coniunctione

213 754 443 808 traditur
491 755 793 825 disciplina,
839 759 900 808 ut
939 774 1004 808 ex
1042 754 1146 808 hoc
1184 755 1541 808 institutionis
1581 756 1760 809 officio
1803 755 1903 808 cla-

213 846 303 881 rae
343 830 762 883 conversationis
801 830 1050 883 notitiam
1091 832 1498 898 consequantur.
1575 829 1676 883 His
1724 849 1754 882 a
1793 849 1904 882 mu-

212 902 406 956 lierum
446 904 719 957 amoribus
758 904 1025 974 malignus
1066 923 1240 956 sermo
1282 904 1486 975 spargit
1524 904 1814 957 infamiam.
1930 929 1971 959 ιο

162 980 196 1032 2
326 977 563 1047 [Venus
603 982 663 1031 et
700 979 875 1031 Luna
915 978 1300 1048 quadratae]
1364 977 1422 1031 Si
1454 977 1636 1031 Venus
1670 982 1722 1032 et
1753 978 1906 1031 Luna

216 1052 472 1121 quadrata
517 1053 718 1106 fuerint
762 1053 1057 1106 radiatione
1097 1053 1425 1123 coniunctae,
1477 1057 1529 1106 et
1569 1053 1742 1105 dextri
1782 1071 1903 1122 qua-

215 1126 353 1178 drati
404 1127 556 1180 Luna
611 1128 938 1197 superiorem
992 1127 1268 1197 possidens
1322 1130 1529 1197 partem
1578 1129 1636 1180 in
1687 1127 1903 1181 sinistro

216 1201 475 1269 quadrato
501 1201 763 1255 Venerem
794 1202 1028 1271 positam
1059 1201 1257 1255 minaci
1281 1202 1576 1254 radiatione
1600 1203 1906 1271 respexerit,

213 1276 446 1327 maxima
485 1275 791 1329 divitiarum
831 1277 979 1329 luera
1010 1275 1247 1329 decernit
1277 1276 1382 1328 ista
1411 1275 1732 1330 coniunctiO.
1803 1274 1906 1328 Sed
1931 1299 1972 1332 15

212 1350 356 1402 viros
410 1350 727 1404 feminarum
784 1369 940 1403 causa
994 1351 1154 1404 variis
1209 1369 1417 1420 semper
1471 1351 1638 1403 afficit
1684 1351 1906 1420 damnis,

163 1427 308 1478 3aut
346 1425 597 1477 infamiae
636 1425 956 1478 detrimenta
995 1443 1203 1494 semper
1241 1425 1466 1494 inponit.
1546 1424 1603 1478 Si
1643 1444 1767 1478 vero
1805 1424 1904 1478 Ve-

214 1517 315 1551 nus
363 1500 606 1568 superior
655 1500 843 1552 effecta
895 1503 946 1552 et
994 1499 1240 1551 dextrum
1291 1500 1568 1568 possidens
1618 1499 1757 1553 latus
1804 1499 1906 1552 Lu-

214 1590 336 1625 nam
383 1573 440 1625 in
489 1573 730 1627 inferiori
768 1574 886 1628 loco
929 1575 1274 1627 constitutam
1316 1574 1572 1642 quadrata
1611 1573 1906 1627 radiatione

213 1649 522 1717 respexerit,
552 1648 842 1701 maximam
866 1649 1177 1701 felicitatem
1208 1649 1478 1716 prosperis
1511 1666 1720 1717 semper
1747 1652 1906 1718 auget
1930 1671 1972 1703 20

214 1722 536 1792 augmentiS,
591 1727 645 1775 et
697 1723 1139 1792 praecedentibus
1185 1722 1340 1774 bonis
1386 1723 1610 1775 meliora
1657 1723 1905 1791 decernit,

215 1799 268 1847 et
306 1799 456 1848 actus
489 1799 542 1849 et
572 1797 738 1850 vitam
769 1797 875 1849 ista
907 1795 1212 1850 coniunctio
1245 1795 1471 1849 honesta
1503 1797 1905 1851 conversatione

216 1870 548 1940 condecorat,
599 1874 652 1924 et
698 1871 1069 1940 incorruptum
1117 1870 1254 1923 circa
1304 1888 1394 1923 eos
1445 1889 1678 1924 amorem
1731 1875 1904 1923 servat

216 1962 456 2014 uxorum,
496 1949 548 1998 et
586 1965 748 2015 puros
789 1964 848 1999 ac
879 1946 1048 1999 bonos
1082 1945 1371 2014 coniugum
1404 1945 1639 1998 decernit
1669 1945 1905 2014 affectuS,

335 2081 360 2120 5
403 2080 505 2132 177,
532 2080 592 2122 30
639 2075 848 2128 ἀστείους
894 2076 1054 2135 τέχνης
1100 2075 1350 2132 εἰδήμονας
1396 2075 1423 2133 ἢ
1471 2075 1691 2128 παιδείας
1737 2078 1816 2120 καὶ
1855 2078 1904 2121 ἐκ

215 2135 393 2180 τούτων
426 2136 646 2192 ἐμφανεῖς
672 2136 825 2192 ὄντας,
848 2137 967 2193 πλὴν
991 2135 1282 2194 ψεγομένους
1306 2137 1382 2180 ἐπὶ
1407 2138 1761 2191 ἀφροδισιακῶν
1785 2136 1906 2190 πρά-

216 2195 342 2247 ξεων.
468 2201 521 2239 15
559 2200 660 2251 179,
686 2200 743 2240 34
784 2195 1009 2252 εὐπορίαν
1050 2196 1132 2251 μὲν
1173 2197 1323 2249 δώσει,
1363 2195 1553 2254 βλάπτει
1593 2194 1644 2240 δὲ
1683 2196 1791 2246 τοὺς
1823 2195 1904 2240 ἄν·

217 2257 333 2309 δρας
372 2254 422 2299 ἐκ
461 2257 682 2312 θηλυκῶν
722 2257 981 2310 προσώπων
1022 2252 1109 2310 ἀεί,
1149 2262 1251 2305 ταῖς
1289 2254 1340 2298 δὲ
1375 2253 1530 2311 ψόγον
1563 2254 1785 2311 ἐπιφέρει.

217 2318 272 2356 20
306 2317 408 2368 178,
435 2319 459 2358 1
495 2312 567 2358 ἐπ’
597 2316 801 2372 ἀγαθοῖς
832 2315 995 2372 ἀγαθὰ
1027 2316 1163 2358 δώσει
1187 2315 1264 2357 καὶ
1291 2315 1460 2368 πρᾶξιν
1485 2315 1564 2358 καὶ
1588 2315 1730 2359 καλὸν
1755 2320 1904 2373 σχῆμα

216 2371 320 2431 βίου
361 2374 441 2417 καὶ
481 2374 676 2431 στοργὴν
718 2376 768 2419 ἐν
806 2375 989 2432 γυναιξὶ
1031 2375 1110 2418 καὶ
1143 2374 1436 2430 εὐφροσύνην
1468 2375 1548 2417 καὶ
1580 2372 1683 2432 βίον
1716 2373 1904 2431 εὔχαριν

215 2432 296 2475 καὶ
327 2433 467 2488 γλυκὺ
501 2433 551 2477 ἐν
583 2431 800 2489 ὁμιλίαις·

335 2556 362 2594 4
395 2551 614 2607 quadrati
645 2570 672 2596 κ
730 2554 736 2608 Ι
793 2552 947 2596 levum
975 2554 1041 2610 Γ]
1075 2553 1157 2595 aut
1187 2551 1342 2595 levum
1373 2554 1413 2594 Δ
1454 2551 1607 2595 locum
1639 2552 1734 2594 Bbv
1772 2552 1853 2596 del.
1884 2553 1906 2604 ζ

218 2614 242 2652 5
277 2610 458 2654 ratione
491 2612 552 2679 A]
585 2612 848 2656 radiatione
880 2616 938 2666 A,
971 2618 1209 2667 utrumque
1240 2614 1320 2652 BG
1434 2615 1458 2653 9
1493 2610 1654 2679 <Sed>
1688 2611 1760 2654 his
1794 2625 1817 2654 6

221 2674 273 2712 12
309 2670 544 2714 coniuncti
577 2673 665 2714 ΔΑ
790 2676 840 2715 17
876 2673 958 2715 aut
989 2672 1042 2713 ut
1073 2670 1270 2714 infamia
1301 2672 1340 2712 Δ
1370 2672 1376 2726 Ι
1406 2670 1685 2713 detrimenta
1716 2671 1793 2728 κζ]
1827 2670 1902 2713 de—

218 2728 479 2784 primantur
632 2736 686 2774 18
720 2732 767 2775 et
794 2736 898 2786 post
929 2730 1052 2773 latus
1079 2744 1188 2785 pon.
1214 2731 1254 2773 Δ
1410 2734 1463 2772 19
1496 2729 1759 2773 radiatione
1791 2743 1904 2784 qua-

219 2788 354 2830 drata
386 2791 425 2831 Δ
579 2794 634 2832 20
666 2790 869 2833 maxima
901 2789 1131 2833 felicitate
1164 2790 1211 2832 et
1242 2790 1281 2831 Δ
1434 2793 1488 2831 22
1527 2789 1791 2832 coniunctio
1823 2789 1903 2831 ho-

218 2849 351 2890 nesta
383 2848 459 2905 κζ]
494 2848 818 2893 coniunctione
849 2849 988 2893 istam
1019 2851 1063 2891 Γ
1089 2863 1170 2893 om.
1198 2850 1237 2890 A
1290 2849 1296 2903 Ι
1347 2847 1740 2891 conversationem
1776 2850 1821 2890 Γ

219 2910 274 2948 24
307 2920 493 2950 uxorem
527 2922 637 2952 corr.
664 2911 724 2960 κζ
754 2908 924 2965 (uxoris
957 2910 999 2964 a)
1043 2911 1048 2964 Ι
1092 2910 1139 2951 et
1169 2919 1335 2962 pueros
1369 2909 1416 2950 et
1446 2907 1591 2950 bonos
1623 2910 1711 2950 AA
