2100 3186
251 147 284 198 2
292 146 360 198 10
981 144 1211 189 FIRMICI

251 270 304 319 et
367 267 411 319 si
471 266 801 335 horoscopus
863 266 920 318 in
975 267 1057 318 his
1113 265 1281 335 signis
1335 265 1519 335 fuerit,
1575 283 1708 334 quae
1761 266 1943 318 brevia

250 341 448 393 habent
495 344 760 409 tempora,
809 343 862 392 et
900 339 1044 392 Mars
1091 340 1146 391 in
1194 338 1311 391 VII.
1351 339 1471 392 loco
1521 340 1587 391 ab
1641 339 1939 408 horoscopo

250 415 305 467 id
337 418 417 467 est
449 415 506 465 in
538 432 743 482 occaSU,
782 413 936 466 Luna
967 417 1146 466 autem
1177 414 1384 465 minuta
1420 413 1622 466 lumine
1663 413 1728 464 ad
1762 413 1942 466 Satur-

252 507 382 541 num
421 489 624 540 feratur
663 492 754 539 aut
794 488 860 539 ad
898 487 1126 540 Martem
1166 488 1338 556 plena,
1377 490 1534 540 natus
1582 488 1758 540 infans
1799 487 1941 540 simi-

201 562 374 615 2liter
430 565 737 631 exponetur.
818 560 921 613 Sed
975 564 1028 613 et
1082 562 1127 614 si
1166 561 1413 613 dominus
1452 561 1719 614 Fortunae
1759 562 1814 613 id
1861 564 1943 614 est
1988 583 2007 616 5

254 637 500 688 dominus
541 636 653 688 eius
694 636 835 706 signi
866 635 992 704 (in)
1027 654 1133 704 quo
1173 634 1322 687 locus
1360 635 1624 688 Fortunae
1663 635 1826 687 fuerit
1865 635 1942 687 in-

214 715 465 778 ¹ventuS,
512 714 565 762 et
611 710 860 762 dominus
908 710 1022 762 eius
1062 710 1202 778 signi
1249 709 1306 761 in
1345 727 1450 777 quo
1493 728 1615 778 pars
1655 708 1942 778 horoscopi

250 784 541 836 constituta
589 786 688 852 est,
743 783 906 836 radiis
953 785 1062 836 sint
1110 782 1250 835 Solis
1301 784 1568 852 absconsi,
1615 786 1708 835 aut
1755 783 1811 835 in
1856 783 1942 835 his

252 858 419 928 signis
466 859 522 909 in
570 858 762 927 quibus
811 861 932 910 ante
979 857 1208 910 diximus
1254 857 1456 910 fuerint
1503 857 1804 924 constituti,
1854 856 1943 909 Sa-

250 936 440 984 turnus
479 951 604 985 vero
645 935 739 984 aut
775 931 918 984 Mars
958 932 1014 983 in
1055 949 1246 984 occasu
1285 932 1563 1000 geniturae
1602 932 1708 984 sint
1749 932 1941 984 consti·
1966 954 2008 985 ιο

250 1006 373 1074 tuti,
412 1009 569 1058 natus
608 1006 783 1058 infans
824 1009 1131 1074 exponetur.
1210 1003 1311 1057 Sed
1345 1009 1397 1057 et
1429 1006 1475 1057 si
1506 1005 1657 1058 Luna
1689 1007 1747 1057 in
1783 1005 1940 1057 horo-

251 1099 413 1149 scopo
453 1080 616 1132 fuerit
655 1080 871 1133 inventa
912 1083 1003 1132 aut
1041 1080 1097 1131 in
1137 1097 1328 1132 occasu
1359 1079 1666 1148 horoscopi,
1707 1082 1759 1130 et
1797 1079 1941 1131 Mars

252 1158 304 1206 et
344 1153 606 1207 Saturnus
648 1154 904 1206 diametra
944 1155 1051 1206 sint
1089 1153 1386 1206 radiatione
1426 1153 1721 1222 coniuncti,
1763 1155 1856 1205 aut
1897 1154 1943 1205 si

249 1246 354 1279 una
400 1228 652 1281 malivola
697 1229 754 1280 in
802 1227 1194 1296 conceptionali
1235 1226 1357 1280 Sole
1402 1227 1567 1279 fuerit
1612 1228 1849 1295 inventa,
1895 1228 1940 1280 is

200 1302 345 1370 3qui
390 1306 548 1354 natus
602 1302 765 1354 fuerit
820 1304 1127 1370 exponetur.
1206 1299 1310 1353 Sed
1357 1305 1410 1354 et
1456 1302 1502 1353 si
1551 1301 1644 1354 Sol
1690 1304 1742 1353 et
1788 1301 1941 1353 Luna
1965 1324 2007 1356 15

251 1377 506 1429 diametra
575 1395 628 1428 se
691 1376 986 1428 radiatione
1047 1376 1357 1444 respiciant,
1428 1379 1520 1428 aut
1589 1377 1633 1427 si
1697 1375 1941 1444 quadrati

249 1451 476 1518 fuerint,
527 1450 604 1501 ita
657 1453 837 1502 tamen
891 1453 951 1502 ut
1011 1449 1143 1503 haec
1197 1450 1466 1502 schemata
1526 1449 1582 1502 in
1637 1449 1941 1502 cardinibus

250 1525 461 1592 faciant,
502 1528 554 1576 et
593 1542 714 1576 cum
757 1524 1017 1576 ambobus
1056 1523 1338 1576 malivolae
1371 1524 1480 1576 sint
1518 1525 1703 1576 stellae
1742 1523 1942 1592 pariter

250 1598 592 1667 constitutae,
631 1598 685 1649 id
725 1602 805 1650 est
844 1599 889 1650 si
929 1597 1023 1651 Sol
1062 1598 1119 1650 in
1156 1597 1458 1666 horoscopo
1497 1597 1659 1649 fuerit
1699 1601 1751 1649 et
1790 1597 1942 1649 Luna

250 1673 306 1724 in
347 1690 551 1741 occaSU,
592 1676 682 1724 aut
720 1672 872 1724 Luna
912 1673 968 1724 in
1005 1672 1304 1740 horoscopo
1346 1674 1399 1723 et
1433 1670 1525 1724 Sol
1556 1671 1612 1722 in
1645 1689 1849 1739 occasu,
1889 1674 1941 1722 et
1966 1695 2008 1726 20

84 1758 263 1798 rot-8901
284 1765 404 1798 cum
444 1764 550 1798 uno
590 1746 733 1799 Mars
773 1749 826 1798 et
865 1764 985 1798 cum
1027 1746 1131 1798 alio
1174 1744 1434 1798 Saturnus
1473 1745 1656 1811 fuerit,
1706 1745 1763 1796 in
1810 1745 1939 1813 ipsis

248 1824 434 1888 partus
476 1820 739 1890 angustiis
780 1820 1104 1872 constitutus
1144 1820 1433 1871 suffocatus
1474 1819 1819 1889 extinguitur.
1884 1817 1940 1870 Si

250 1912 374 1947 vero
409 1895 706 1962 superiores
741 1894 1020 1946 malivolae
1053 1896 1236 1946 stellae
1270 1893 1485 1945 effectae
1510 1893 1716 1945 Lunam
1744 1892 1939 1945 minaci

250 1968 545 2020 radiationc
599 1968 906 2036 respiciant,
962 1971 1014 2020 et
1066 1971 1236 2020 mater
1289 1968 1344 2018 in
1395 1968 1512 2035 ipso
1567 1971 1725 2036 partu
1779 1983 1940 2035 grave

200 2042 537 2094 4discrimen
575 2043 765 2094 mortis
805 2041 1041 2094 incurrit.
1122 2040 1179 2093 Si
1213 2039 1306 2093 Sol
1344 2041 1400 2093 in
1438 2042 1738 2109 horoscopo
1778 2041 1941 2092 fuerit
1966 2064 2005 2095 25

249 2117 513 2180 inventUS,
550 2119 601 2168 et
631 2116 784 2168 Luna
815 2116 972 2184 plena
1002 2116 1295 2168 luminibus
1328 2115 1383 2167 in
1417 2133 1751 2183 quocumque
1784 2115 1938 2184 signo

250 2189 452 2242 feratur
501 2190 568 2241 ad
606 2189 859 2260 Martem,
900 2189 1159 2242 Saturnus
1207 2207 1332 2241 vero
1379 2189 1436 2241 in
1482 2188 1662 2256 aliquo
1711 2188 1781 2240 sit
1832 2206 1939 2240 car-

251 2264 370 2315 dine
412 2263 752 2331 constitutuS,
793 2265 836 2317 is
870 2264 962 2332 qui
993 2267 1152 2315 natus
1183 2263 1346 2315 fuerit
1377 2263 1649 2331 expositus
1682 2261 1937 2314 interibit.

253 2337 355 2389 Sed
409 2342 462 2390 et
525 2338 569 2389 si
624 2337 772 2389 Luna
827 2356 946 2390 cum
1000 2337 1171 2389 Marte
1225 2338 1281 2388 in
1336 2354 1671 2405 quocumque
1726 2336 1938 2388 cardine

250 2412 412 2463 fuerit
451 2412 680 2479 inventa,
721 2415 773 2462 et
813 2411 868 2462 in
908 2412 1172 2463 contrario
1216 2409 1308 2463 Sol
1348 2428 1468 2463 cum
1507 2409 1736 2462 Saturno
1775 2409 1939 2461 ¹fuerit
1962 2433 2004 2464 30

252 2486 587 2552 constitutUS,
628 2488 680 2536 et
720 2485 968 2536 omnibus
1001 2484 1368 2536 testimonium
1399 2483 1542 2536 Iovis
1576 2483 1727 2551 desit,
1766 2484 1812 2534 is
1846 2484 1937 2551 qui

371 2606 392 2642 1
427 2600 499 2643 his
532 2614 614 2644 om.
649 2602 687 2643 Δ
841 2606 865 2643 2
900 2600 957 2642 ab
990 2601 1243 2656 horoscopo
1277 2614 1359 2644 om.
1394 2602 1433 2643 Δ
1599 2603 1623 2641 3
1658 2599 1812 2642 autem
1846 2598 1935 2656 Bv]

251 2661 333 2702 aut
454 2665 479 2702 5
512 2659 726 2702 fortunae
763 2660 829 2717 Γ]
869 2658 1033 2702 fortior
1065 2662 1103 2702 Δ
1228 2663 1252 2701 6
1286 2660 1390 2702 add.
1426 2674 1452 2701 a
1574 2663 1628 2702 10
1661 2671 1826 2701 occasu
1859 2670 1936 2713 ge-

250 2718 434 2761 niturae
467 2719 570 2776 AG]
609 2720 836 2762 nocturna
867 2718 1083 2774 genitura
1119 2721 1164 2761 Γ
1304 2723 1356 2760 13
1390 2717 1484 2760 sint
1516 2717 1744 2760 diametra
1777 2719 1816 2759 A

253 2782 306 2819 14
339 2777 556 2820 malivola
589 2777 796 2836 (stella)
830 2792 855 2820 σ
912 2778 917 2833 Ι
974 2777 1148 2820 fuerint
1178 2776 1393 2820 inventae
1425 2790 1535 2820 corr.
1572 2790 1599 2819 a
1751 2780 1803 2817 17
1839 2788 1932 2818 sce-

250 2838 378 2878 mata
406 2839 493 2878 ΓΝ
622 2842 674 2879 21
705 2837 824 2891 ,ipsis
856 2837 1018 2892 partus
1052 2837 1094 2893 6]
1127 2835 1229 2892 ipso
1261 2837 1400 2891 partu
1433 2839 1565 2892 (tenet
1589 2852 1615 2878 κ
1640 2836 1718 2890 qui
1743 2833 1933 2889 spiritus

245 2909 331 2950 pro
376 2895 581 2949 constit.;
633 2896 815 2938 constit.
863 2896 1044 2951 angust.
1090 2897 1128 2949 ζ)
1280 2899 1333 2937 27
1379 2897 1425 2937 et
1469 2894 1691 2937 Saturnus
1736 2896 1814 2934 AB

252 2957 305 2995 29
339 2953 489 2996 Marte
522 2955 567 2997 et
599 2953 647 2995 in
679 2957 717 2996 A
841 2959 891 2996 31
930 2953 1053 2997 absit
1084 2957 1123 2996 A
