2078 3174
831 106 895 151 VI
927 111 998 163 30,
1024 119 1183 154 ιιι-ει.
1750 106 1858 158 -145

168 231 270 283 ista
308 230 570 300 genitura,
606 227 940 280 meretricem
978 227 1259 297 prostituti
1297 228 1519 297 pudoris
1559 227 1772 296 efficiet,
1810 231 1863 281 et

169 323 305 373 quae
352 321 545 372 corpus
593 320 750 354 suum
789 301 968 371 pravis
1007 300 1293 354 libidinum
1334 301 1720 371 cupiditatibus
1759 305 1863 354 tra-

169 378 274 448 dat,
312 378 568 447 pudorem
607 394 763 429 suum
802 375 1057 429 mercedis
1097 376 1465 444 quottidianae
1504 376 1678 446 gratia
1716 379 1862 445 pote-

170 452 295 506 stati
325 450 533 504 lenonis
565 450 666 520 [se]
702 450 964 520 addicenS,
1004 452 1060 502 et
1090 451 1192 502 erit
1223 450 1281 504 in
1312 451 1540 518 publicis
1573 450 1862 503 meritoriis

124 549 144 582 5
170 526 481 595 prostituta,
531 525 743 578 etiamsi
792 524 831 594 †
845 527 992 578 recto
1043 542 1236 594 genere
1285 524 1531 578 videatur
1580 543 1695 579 esse
1745 542 1864 594 pro-

207 601 362 653 enita.
656 647 659 650 ,

168 619 205 671 g
282 673 340 728 Si
380 671 475 726 Sol
512 675 566 725 et
603 672 757 725 Luna
795 675 850 725 et
887 671 1219 742 horoscopus
1261 671 1338 725 ita
1377 673 1486 726 sint
1523 673 1582 726 in
1620 674 1865 744 genitura
1886 673 1949 724 17

171 747 434 817 collocati,
488 750 549 800 ut
597 749 747 800 nulla
792 746 897 800 sibi
944 746 1053 799 sint
1100 765 1282 800 omnes
1326 748 1533 801 ratione
1580 748 1867 817 coniuncti,

170 826 231 875 ut
279 822 372 875 Sol
416 821 774 890 horoscopum
822 839 934 874 non
982 821 1182 890 videat,
1237 824 1291 875 et
1335 821 1489 874 Luna
1536 840 1721 875 rursus
1770 841 1869 876 nec

104 920 147 952 10
174 895 352 949 Solem
389 913 486 949 nec
524 894 887 964 horoscopum
927 895 1177 948 similiter
1214 895 1454 967 aspiciat,
1492 914 1590 948 nec
1629 897 1738 949 sint
1776 897 1867 950 ali-

173 989 279 1039 qua
309 970 541 1039 partium
573 970 827 1022 societate
860 970 1146 1040 coniuncti,
1176 973 1328 1023 tanto
1353 970 1685 1039 paupertatis
1710 989 1868 1024 onere

172 1045 554 1114 defatigantur,
601 1047 663 1096 ut
700 1043 759 1096 hi
798 1043 892 1112 qui
932 1044 1008 1096 sic
1046 1062 1137 1097 eos
1177 1044 1463 1097 habuerint
1501 1045 1651 1098 vario
1691 1045 1869 1098 infeli-

173 1118 350 1173 citatis
390 1136 548 1171 onere
587 1118 925 1187 praegravati
964 1117 1030 1170 ad
1069 1121 1367 1172 extremum
1408 1119 1631 1172 exitium
1670 1120 1868 1173 mendi-

173 1194 347 1246 citatis
387 1192 651 1245 accedant.

106 1290 148 1324 15
285 1266 342 1320 Si
383 1266 478 1320 Sol
516 1269 574 1320 et
611 1266 764 1319 Luna
800 1266 1047 1319 feminini
1084 1268 1294 1338 generis
1334 1268 1670 1337 possederint
1701 1269 1870 1339 signa,
1890 1267 1958 1322 18

173 1342 297 1410 <et>
333 1342 664 1410 horoscopus
703 1342 759 1393 in
797 1341 1057 1394 feminino
1098 1341 1251 1412 signo
1292 1341 1456 1396 fuerit
1495 1342 1743 1395 inventus
1752 1383 1766 1411 ,
1818 1346 1871 1395 et

174 1416 232 1468 in
268 1415 570 1484 horoscopo
610 1415 682 1468 sit
716 1414 1013 1468 Mercurius
1053 1417 1263 1484 positus
1302 1416 1585 1486 partiliter,
1623 1417 1870 1470 manibus

174 1490 285 1543 suis
338 1493 583 1543 naturam
638 1508 788 1542 suam
843 1492 1118 1560 amputare
1173 1494 1454 1561 coguntur.

286 1562 343 1617 Si
393 1563 488 1617 Sol
544 1567 599 1617 et
643 1563 796 1616 Luna
848 1565 905 1617 in
957 1565 1257 1634 horoscopo
1303 1565 1579 1634 partiliter
1639 1565 1841 1619 fuerint
1858 1577 2055 1621 sol-⁷7'H

106 1661 151 1694 πο
177 1639 475 1706 constituti,
530 1641 623 1691 aut
681 1656 821 1691 unus
879 1639 1240 1708 horoscopum
1297 1640 1580 1708 praecedat
1626 1642 1680 1691 et
1734 1640 1869 1693 alius
1891 1641 1957 1693 19

176 1713 557 1780 subsequatur,
589 1713 666 1765 ita
696 1716 877 1766 tamen
907 1716 969 1765 ut
999 1713 1104 1767 hoc
1142 1714 1198 1766 in
1236 1713 1524 1782 horoscopi
1563 1715 1659 1767 fiat
1698 1714 1869 1785 signO,

176 1790 229 1840 et
276 1788 332 1839 in
379 1787 598 1839 anafora
643 1787 931 1856 horoscopi
976 1787 1120 1840 Mars
1171 1788 1243 1840 sit
1287 1788 1636 1858 constitutuS,
1687 1792 1740 1841 et
1780 1788 1869 1842 Sa-

175 1865 367 1914 turnus
420 1861 583 1913 Marti
644 1861 824 1929 aliqua
884 1862 1181 1915 testimonii
1242 1862 1537 1915 radiatione
1600 1863 1870 1933 iungatur,

178 1935 346 1988 oculis
399 1936 652 1988 miserum
692 1953 827 1988 onus
867 1936 1138 1989 caecitatis
1178 1936 1470 2005 inponitur.

109 2031 152 2064 25
290 2009 348 2062 Si
386 2010 539 2062 Luna
576 2011 634 2062 in
671 2008 785 2062 MC.
824 2010 987 2062 fuerit
1025 2010 1264 2079 inventa,
1315 2014 1369 2063 et
1406 2011 1464 2063 in
1501 2008 1644 2063 IMG.
1687 2009 1869 2064 Venus
1888 2011 1960 2063 20

177 2084 471 2137 constituta
509 2083 692 2153 partili
723 2083 930 2136 Lunam
970 2084 1266 2137 radiatione
1306 2085 1570 2154 respiciat,
1609 2086 1714 2138 ista
1752 2103 1873 2138 con-

177 2160 378 2212 iunctio
441 2159 673 2211 incestae
734 2158 1045 2227 cupiditatis
1106 2158 1294 2211 ardore
1349 2177 1559 2211 sorores
1612 2159 1870 2212 fratribus

177 2234 364 2303 iunget
401 2250 607 2285 uxoreS.

291 2305 348 2358 Si
395 2307 451 2359 in
498 2306 686 2359 dextro
734 2306 991 2374 quadrato
1039 2306 1222 2359 Lunae
1267 2306 1451 2360 Venus
1497 2307 1662 2360 fuerit
1708 2309 1871 2360 collo-
1888 2308 1955 2359 21

111 2401 155 2434 ⁸0
179 2384 311 2449 cata,
348 2381 510 2432 faciet
545 2379 788 2433 homines
828 2381 893 2432 ad
930 2382 1109 2433 omnia
1141 2381 1321 2433 officia
1350 2381 1690 2452 negotiorum
1724 2400 1871 2450 prae-

179 2458 409 2525 paratos,
452 2454 545 2523 qui
576 2454 678 2506 sibi
718 2454 1008 2507 multarum
1049 2456 1405 2508 amicitiarum
1443 2455 1708 2524 praesidia
1747 2474 1869 2509 con—

298 2620 325 2658 4
357 2616 440 2659 del.
466 2631 494 2658 a
614 2619 640 2658 5
672 2616 819 2673 recto]
851 2616 1046 2660 honesto
1079 2618 1103 2668 ζ
1133 2619 1205 2673 (ex
1230 2616 1327 2660 alto
1360 2618 1403 2672 a)
1526 2620 1551 2658 8
1584 2616 1764 2673 omnes]
1797 2615 1869 2659 lu-

178 2673 316 2717 minis
348 2692 376 2718 κ
433 2676 439 2726 1
496 2674 760 2718 radiatione
791 2680 864 2718 Dv
1000 2679 1025 2718 9
1058 2676 1131 2734 ut]
1164 2679 1212 2719 et
1241 2680 1281 2718 N
1403 2680 1424 2718 1
1443 2679 1468 2718 3
1502 2675 1676 2719 exitum
1708 2677 1748 2718 Δ

183 2737 235 2777 16
268 2734 375 2778 add.
400 2738 462 2786 κζ
592 2738 644 2777 17
676 2734 910 2790 partiliter
939 2733 1120 2791 positus
1151 2738 1176 2787 ζ
1306 2739 1359 2778 18
1393 2736 1638 2790 amputare
1669 2735 1752 2792 κσ]
1783 2748 1869 2790 pu-

178 2794 279 2836 tare
422 2798 476 2836 21
509 2793 765 2850 horoscopo
796 2808 910 2838 corr.
935 2798 960 2846 ζ
1096 2798 1152 2837 25
1182 2793 1302 2837 IMC.
1328 2795 1412 2850 (vel
1437 2795 1593 2850 potius
1622 2794 1716 2837 imo
1749 2792 1869 2836 caeli

179 2856 232 2895 ut
253 2866 423 2908 semper
444 2852 557 2908 fere)
591 2853 652 2911 Δ]
684 2852 781 2897 MC.
812 2855 859 2897 Γ
981 2857 1035 2896 27
1067 2853 1246 2896 incesta
1278 2855 1318 2896 Δ
1442 2856 1497 2895 28
1531 2852 1722 2909 iungere
1755 2866 1867 2896 uxo-

179 2923 251 2954 res
283 2910 399 2954 facit
429 2915 472 2955 A
592 2916 647 2955 30
677 2914 869 2968 paratos
900 2929 928 2955 κ
959 2913 1294 2957 commendante
1325 2912 1534 2956 clausula

269 2993 478 3035 annous,
502 2994 585 3025 edd.
602 2994 760 3034 Kroll,
786 2994 995 3027 Skutsch
1019 2999 1054 3027 et
1080 2995 1282 3034 Ziegler.
1310 2995 1362 3026 11.
1547 2989 1600 3028 10
