2066 3192
859 152 923 197 VI
953 157 1024 208 22,
1049 164 1185 198 7—11.
1757 151 1784 203 1
1795 150 1861 204 17

179 274 566 341 convalescunt,
607 271 717 326 sive
756 274 813 326 in
852 274 1114 326 matutino
1155 273 1266 324 sive
1303 273 1359 324 in
1399 271 1703 342 vespertino
1741 275 1862 324 ortu

179 348 438 402 Saturnus
483 347 648 399 fuerit
693 347 956 400 inventus.
1033 346 1183 399 Tunc
1229 349 1437 416 patrem
1484 347 1661 417 gravis
1701 346 1864 399 infor-

176 423 448 475 tuniorum
481 422 722 474 cumulus
748 422 1097 492 (inpugnat),
1128 423 1256 473 tunc
1287 421 1482 474 misera
1504 420 1863 490 periculorum

177 496 478 550 discrimina
517 513 725 564 semper
755 497 1047 562 incurrunt,
1085 498 1215 548 tunc
1245 494 1502 547 fratribus
1533 495 1722 548 acerba
1751 514 1863 547 ma-

131 591 150 623 5
174 570 348 623 lorum
386 569 742 622 decernuntur
780 569 964 638 exitia,
1004 570 1050 622 si
1089 569 1145 621 in
1182 572 1446 622 nocturna
1485 571 1732 640 genitura
1772 567 1860 622 Sa-

172 648 361 698 turnus
399 647 453 697 et
494 642 587 697 Sol
633 645 737 697 ista
774 643 974 696 fuerint
1012 644 1267 696 societate
1307 643 1590 697 coniuncti.
1663 642 1775 714 Sed
1815 643 1859 695 si
1882 643 1950 695 10

172 720 229 771 in
267 718 450 772 eodem
488 720 642 789 signo
684 717 962 771 constituti
1001 717 1118 771 istis
1158 717 1357 770 fuerint
1396 719 1630 787 partium
1663 717 1830 770 diver·
1847 729 2044 773 fot-⁷5rH

173 793 419 846 sitatibus
474 793 726 862 separati,
786 796 848 846 ut
903 791 998 845 Sol
1051 792 1264 861 quidem
1318 810 1538 860 paucae,
1599 790 1861 845 Saturnus

172 885 296 920 vero
333 868 513 936 plures
551 867 748 920 habeat
784 869 978 936 partes,
1025 869 1152 919 tunc
1198 866 1341 935 patri
1388 884 1508 919 cum
1546 867 1742 920 misero
1782 885 1862 919 ca-

107 962 148 995 10
172 941 428 994 lamitatis
475 941 640 994 exitio
681 941 851 994 malae
890 940 1082 994 mortis
1123 940 1405 994 discrimen
1443 940 1718 1007 indicitur,
1770 940 1862 993 sed

172 1016 350 1068 omnia
388 1033 522 1084 quae
561 1015 792 1068 diximus
831 1015 962 1068 forti
999 1014 1260 1068 malorum
1305 1014 1705 1068 continuatione
1740 1033 1861 1084 pro-

170 1090 412 1160 veniunt3
452 1090 546 1142 sed
577 1093 630 1142 et
669 1108 790 1142 cum
828 1089 912 1142 his
952 1088 1204 1142 omnibus
1243 1089 1399 1142 malis
1437 1089 1668 1142 lacerato
1700 1089 1860 1158 patri-

169 1164 348 1217 monio
405 1165 514 1216 sive
566 1163 894 1234 proscripto,
955 1167 1008 1216 et
1062 1163 1208 1217 omni
1261 1164 1508 1216 fortunae
1561 1163 1863 1217 substantia

171 1238 449 1308 dissipata,
498 1242 794 1291 extremum
842 1256 975 1291 onus
1015 1239 1349 1306 paupertatis
1388 1237 1679 1308 inponitur.
1757 1237 1862 1291 Sed

102 1332 143 1366 15
170 1315 222 1365 et
259 1313 543 1384 languores
583 1332 647 1365 ex
686 1312 896 1365 vitiosis
934 1312 1250 1366 humoribus
1281 1312 1598 1382 inferuntur,
1637 1315 1692 1365 et
1722 1314 1860 1366 vires

169 1405 350 1440 omnes
381 1386 732 1440 inbecillitate
761 1387 976 1457 fatigati
1008 1387 1247 1456 corporis
1279 1387 1670 1457 opprimuntur.
1714 1386 1860 1440 Ah'o-

167 1479 286 1514 rum
326 1462 509 1514 oculos
549 1462 802 1514 miserum
842 1461 1065 1514 exitium
1102 1461 1374 1515 caecitatis
1406 1462 1684 1533 inpugnat.
1756 1460 1857 1514 Sed
1880 1461 1943 1514 11

166 1536 265 1588 hos
315 1536 460 1606 ipsos
511 1536 731 1589 idoneos
781 1535 1043 1607 agricolas
1094 1554 1303 1605 semper
1348 1536 1545 1588 efficiet
1590 1537 1693 1588 ista
1739 1554 1858 1588 con·

166 1610 393 1676 iunctio,
454 1613 516 1662 ut
568 1611 677 1663 illis
732 1613 855 1679 post
907 1610 1137 1663 multum
1191 1611 1450 1680 temporis
1504 1609 1736 1680 spatium
1792 1629 1857 1663 ex

100 1705 143 1737 20
168 1684 375 1737 cultura
407 1702 658 1754 agrorum
690 1684 880 1738 idonea
903 1685 1221 1738 facultatum
1246 1684 1483 1737 subsidia
1506 1685 1858 1738 conferantur

166 1758 342 1812 Erunt
393 1778 517 1812 sane
566 1758 624 1810 hi
674 1758 782 1827 ipsi
831 1759 1052 1812 tristitia
1102 1776 1313 1828 semper
1351 1758 1578 1812 obscuri.
1657 1757 1858 1822 Quodsi

166 1832 221 1884 in
265 1831 405 1886 Solis
452 1834 610 1885 domo
658 1833 742 1886 vel
788 1833 845 1886 in
889 1832 1107 1886 Saturni
1153 1833 1311 1887 domo
1361 1832 1454 1886 Sol
1500 1836 1554 1886 et
1595 1832 1858 1886 Saturnus

168 1907 369 1976 pariter
421 1907 621 1960 fuerint
674 1907 942 1976 collocati,
995 1907 1292 1979 gloriosum
1348 1907 1562 1976 quidem
1618 1908 1858 1961 efficiunt

168 1985 396 2050 patrem,
465 1981 557 2033 sed
619 1981 764 2034 omni
827 1982 1134 2035 divitiarum
1197 1981 1462 2051 praesidio
1526 1982 1855 2034 destitutum.

100 2075 142 2108 25
166 2054 318 2124 Ipsos
357 2073 481 2108 vero
530 2059 714 2109 contra
751 2059 930 2125 patres
971 2055 1064 2109 Sol
1104 2060 1158 2109 et
1193 2055 1454 2109 Saturnus
1494 2056 1654 2109 simul
1692 2056 1856 2124 positi

166 2129 548 2198 paricidalibus
588 2129 992 2183 inimicitiarum
1033 2131 1170 2184 odiis
1210 2134 1536 2200 exasperant.
1616 2129 1719 2182 Sed
1756 2129 1855 2183 hos

286 2265 311 2302 6
351 2263 413 2304 22
453 2260 494 2304 εἰ
534 2259 585 2305 δὲ
624 2260 674 2306 ἐν
714 2259 871 2318 ἥττοσι
903 2259 1088 2318 μοίραις
1120 2261 1241 2307 ἐστὶν
1274 2259 1298 2306 ὁ
1320 2259 1492 2315 ’“’,Ηλιος
1530 2260 1553 2304 ὁ
1588 2259 1638 2306 δὲ
1672 2258 1857 2316 Κρόνος

168 2319 217 2363 ἐν
256 2317 446 2373 πλείοσι,
492 2320 804 2376 χαλεπώτερος
851 2320 874 2365 ὃ
915 2328 996 2365 τοῦ
1037 2321 1211 2376 πατρὸς
1250 2320 1376 2364 ἔσται
1422 2319 1634 2370 θάνατος
1679 2320 1760 2364 καὶ
1798 2320 1856 2364 τὰ

167 2377 386 2434 εἰρημένα
425 2377 582 2423 πάντα
625 2379 878 2435 δεινότερα
1003 2385 1114 2423 15-
1122 2386 1174 2424 17
1208 2384 1269 2425 28
1299 2380 1540 2425 νοσοποιοὶ
1574 2378 1627 2424 δέ
1658 2380 1775 2423 εἰσιν
1808 2379 1855 2433 ἐξ

169 2437 394 2494 ὀχλήσεως
431 2438 584 2511 ὑγρῶν
623 2439 702 2482 καὶ
735 2439 1027 2495 ὀφθαλμιῶν.
1154 2444 1205 2483 17
1239 2443 1301 2484 29
1333 2438 1378 2483 οἱ
1410 2437 1462 2482 δὲ
1496 2455 1640 2489 ουτως
1675 2438 1856 2498 ἔχοντες

167 2498 442 2571 ysmpytubv„
463 2495 566 2555 βίον
607 2500 791 2553 φιλοῦσι
822 2500 902 2542 καὶ
933 2499 1079 2559 τούτῳ
1111 2497 1236 2572 μόνῳ
1270 2499 1511 2555 εὐτυχοῦσι
1541 2494 1681 2542 τᾶλλα
1696 2457 1855 2557 χ-βαρυ

166 2554 385 2612 δαίμονες
417 2555 557 2607 ὄντες.
607 2557 648 2601 εἰ
680 2558 730 2601 δὲ
762 2558 842 2601 καὶ
876 2558 925 2602 ἐν
957 2560 1147 2617 θηλυκῷ
1168 2556 1345 2616 (Ηλίου
1371 2557 1483 2616 οἴκῳ
1509 2572 1587 2601 em.
1614 2575 1641 2601 κ
1666 2573 1722 2602 ex
1744 2558 1852 2602 Fir-

165 2616 296 2671 mico)
340 2616 461 2660 ἐστιν
503 2615 526 2659 ὁ
567 2614 749 2671 Κρόνος
792 2614 819 2672 ἢ
863 2616 886 2660 ὁ
917 2615 1075 2669 Ηλιος
1115 2618 1164 2662 ἐν
1197 2616 1308 2676 οἴκῳ
1353 2603 1539 2671 Κρόνου
1582 2617 1662 2660 καὶ
1709 2633 1854 2667 ουτως

167 2675 384 2729 σύνεισιν,
418 2675 577 2732 εὐκλεῆ
610 2675 692 2731 μὲν
725 2675 805 2720 τὸν
837 2675 1030 2732 πατέρα,
1063 2677 1118 2721 οὐ
1150 2663 1304 2733 μέντοι
1339 2675 1551 2732 ἀφνειόν.

285 2782 310 2820 3
343 2779 450 2822 add.
476 2783 515 2820 N
607 2782 631 2820 9
663 2779 790 2834 patri
820 2779 942 2838 ΑΠ’]
974 2782 1112 2836 pater
1203 2784 1257 2822 10
1290 2779 1390 2837 sed]
1425 2781 1469 2823 et
1503 2793 1542 2833 σ,
1574 2780 1630 2833 cf.
1656 2779 1788 2822 catal.

168 2840 221 2879 13
254 2837 348 2879 sive
373 2836 486 2895 1³²2]
521 2837 560 2880 si
583 2851 691 2881 vero
722 2839 848 2882 codd.
875 2839 931 2894 (si
955 2846 1014 2883 no
1039 2842 1093 2896 A)
1187 2843 1242 2882 15
1273 2839 1521 2895 languores
1553 2838 1654 2896 An]
1687 2837 1848 2895 lango-

164 2909 236 2939 res
330 2901 382 2939 21
417 2896 507 2951 ipsi
538 2895 588 2938 hi
619 2900 698 2938 AB
797 2902 852 2940 22
886 2897 1004 2941 Solis
1035 2898 1083 2941 in
1117 2901 1156 2941 Δ
1186 2901 1191 2956 1
1220 2898 1267 2940 in
1301 2899 1377 2942 alt
1404 2912 1487 2943 om.
1516 2899 1554 2941 Δ
1655 2901 1711 2939 26
1743 2909 1850 2955 par-

164 2954 451 3000 ricidialibus
485 2957 524 2998 Δ
559 2957 659 3012 (-rr-
692 2962 733 3003 et
762 2959 860 3010 AG)
