2090 3198
828 100 935 145 VIII
967 106 1039 156 21,
1063 113 1202 146 5—12.
1754 102 1861 154 325

168 225 443 291 collocata,
504 221 608 274 erit
669 221 1014 274 affluentibus
1077 221 1280 273 divitiis
1344 221 1609 290 copiosuS‚
1661 222 1861 275 nobilis

167 315 355 367 regum
395 296 613 366 amicuS,
651 314 945 365 paucorum
980 295 1216 347 filiorum
1246 298 1414 364 pater,
1446 298 1538 347 aut
1566 313 1861 364 paucorum

168 370 393 423 fratrum
424 370 604 423 frater.
645 369 749 423 Sed
777 371 1070 440 longaevus
1103 369 1374 422 morietur.
1418 367 1482 421 In
1512 372 1666 438 parte
1689 369 1859 422 XXII.
1880 373 1912 424 9

171 443 518 497 Geminorum
567 445 888 513 quicumque
934 443 1182 495 habuerit
1226 442 1602 512 horoscopum,
1650 443 1751 496 erit
1790 446 1860 497 ci-

125 540 143 572 5
170 518 458 571 tharoedus
503 518 755 586 musicus,
802 517 1035 569 maxima
1081 517 1383 585 praeferens
1423 535 1488 569 ex
1527 517 1632 571 hoc
1668 517 1862 570 nobili—

167 593 294 645 tatis
342 592 589 663 insignia,
636 597 689 645 et
737 610 894 660 quem
940 590 1158 661 regibus
1207 591 1474 644 amicitiae
1523 592 1860 645 necessitudo

169 667 473 736 coniungat.
552 665 655 719 Sed
708 665 798 718 hic
852 664 1167 718 biothanata
1221 669 1394 718 morte
1449 666 1720 718 morietur.
1798 665 1861 718 In

167 744 318 809 parte
353 738 551 792 XXIH.
586 739 931 793 Geminorum
966 740 1288 807 quicumque
1327 739 1574 792 habuerit
1612 739 1860 793 horosco-

166 833 311 883 pum,
360 814 463 867 erit
507 815 709 866 virtute
756 817 1019 881 strenuuS,
1066 815 1123 865 in
1168 813 1310 866 bello
1351 813 1563 881 nobilis,
1609 817 1661 866 et
1700 832 1859 882 quem

102 911 143 942 ιο
170 888 418 941 omnibus
468 888 535 940 ob
583 889 687 941 hoc
733 905 1047 956 prosperum
1095 887 1463 940 testimonium
1511 887 1685 941 famae
1735 906 1858 941 con-

170 962 394 1015 mendet.
453 960 555 1014 Sed
594 963 696 1014 iste
737 962 851 1014 sine
891 961 1017 1014 filiis
1056 962 1330 1014 morietur.
1385 960 1449 1014 In
1478 965 1632 1030 parte
1663 962 1858 1014 XXIV.
1881 962 1949 1014 10

169 1035 514 1088 Geminorum
563 1037 886 1104 quicumque
924 1035 1214 1088 habuerint
1251 1035 1630 1105 horoscopum,
1669 1037 1861 1105 <erunt

167 1129 406 1163 cursores
454 1113 506 1163 et
546 1111 638 1179 qui
685 1113 948 1180 perpetuo
988 1109 1188 1162 laboris
1231 1128 1389 1162 onere
1427 1114 1858 1180 praegraventur.

164 1183 227 1236 In
277 1188 428 1254 parte
467 1183 635 1236 XXV.
677 1184 1023 1237 Geminorum
1073 1185 1397 1252 quicumque
1442 1184 1728 1237 habuerint
1766 1185 1860 1237 ho-

100 1280 141 1313 15
166 1258 503 1328 roscopum,>
540 1258 712 1311 Marte
758 1258 835 1310 ibi
880 1259 1074 1328 posit0,
1129 1259 1214 1310 vel
1268 1258 1332 1311 de
1387 1258 1646 1311 diametro
1692 1260 1860 1328 respi-

167 1333 339 1386 ciente
377 1332 463 1385 vel
503 1333 567 1385 de
608 1333 883 1402 quadratO,
923 1332 987 1384 de
1027 1334 1137 1385 alto
1177 1332 1314 1401 lapsi
1352 1335 1592 1401 pereunt,
1633 1333 1733 1402 [et]
1773 1334 1859 1386 vel

165 1407 348 1459 fractis
395 1407 622 1476 pedibus
671 1406 983 1475 interibunt,
1033 1409 1125 1459 aut
1163 1425 1194 1459 a
1232 1407 1361 1459 feris
1408 1406 1596 1459 bestiis
1639 1407 1858 1459 lacerati

167 1481 426 1534 deficient.
504 1479 567 1533 In
606 1484 757 1550 parte
789 1479 982 1533 XXVI.
1018 1479 1365 1534 Geminorum
1406 1482 1730 1550 quicumque
1768 1481 1857 1534 ha·
1880 1484 1943 1534 11

165 1555 381 1608 buerint
426 1556 804 1624 horoscopum,
850 1557 1006 1608 erunt
1054 1554 1353 1608 sacerdotes
1391 1555 1700 1624 haruspices
1738 1574 1858 1624 pro-

98 1651 141 1682 20
165 1629 373 1698 phetae,
413 1629 506 1681 sed
545 1630 764 1700 regibus
803 1629 950 1681 fideli
990 1629 1226 1683 amicitia
1268 1629 1452 1682 iuncti.
1525 1628 1727 1691 Quodsi
1768 1628 1857 1682 Sa-

164 1707 352 1756 turnus
393 1704 447 1756 in
488 1722 550 1756 ea
588 1707 740 1773 parte
778 1704 954 1771 fuerit,
993 1704 1155 1757 faciet
1188 1703 1435 1756 cinaedos
1468 1704 1559 1756 sed
1591 1704 1683 1773 qui
1715 1705 1857 1775 regis

165 1778 534 1848 indignatione
573 1779 881 1831 moriantur.
950 1776 1014 1829 In
1052 1780 1205 1847 parte
1243 1777 1466 1830 XXVII.
1509 1776 1857 1831 Geminorum

167 1852 487 1920 quicumque
518 1851 806 1904 habuerint
835 1852 1211 1921 horoscopum,
1251 1855 1409 1904 erunt
1444 1852 1643 1904 aeditui
1683 1856 1856 1904 custo-

167 1926 364 1994 desque
404 1926 751 1996 templorum,
788 1928 874 1978 vel
915 1927 1007 1994 qui
1046 1945 1317 1980 sacrorum
1366 1926 1557 1978 officiis
1602 1927 1856 1995 deputen-

99 2022 140 2053 25
165 2003 268 2067 tur,
306 2003 399 2051 aut
436 2000 717 2052 hieroduli.
787 1999 850 2052 In
890 2003 1042 2069 parte
1081 1998 1329 2052 XXVIII.
1367 1999 1711 2053 Geminorum
1744 2002 1857 2069 qui-
1880 2001 1945 2053 12

166 2091 391 2141 cumque
444 2073 732 2126 habuerint
781 2073 1152 2143 horoscopum,
1215 2077 1371 2126 erunt
1432 2074 1617 2127 caduci
1678 2078 1856 2127 mente

166 2148 310 2215 capti
358 2147 729 2218 oligochronii.
813 2146 877 2199 In
921 2152 1071 2216 parte
1111 2146 1305 2200 XXIX.
1347 2147 1693 2201 Geminorum
1741 2150 1854 2216 qui-

166 2239 393 2290 cumque
432 2221 718 2275 habuerint
757 2222 1133 2290 horoscopum,
1178 2225 1335 2274 erunt
1372 2221 1602 2292 litigiosi
1641 2226 1854 2275 conten—

285 2372 306 2409 1
343 2368 479 2411 erunt
509 2368 602 2423 (sed
633 2367 846 2423 copiosus
870 2368 965 2423 etc.)
996 2372 1035 2410 N
1157 2373 1182 2410 3
1214 2383 1259 2423 p.
1287 2366 1338 2411 G.
1364 2367 1502 2411 XXII.
1536 2373 1571 2410 D
1603 2371 1736 2423 parte
1768 2381 1851 2412 om.

164 2430 201 2468 A
313 2432 341 2470 4
373 2426 626 2470 habuerint
648 2431 728 2469 AD
851 2432 876 2470 5
908 2426 1175 2482 praeferens
1200 2427 1242 2485 ζ]
1274 2427 1508 2483 praeferet
1536 2429 1623 2470 ΓΝ
1653 2427 1854 2483 perferet

163 2491 199 2528 D
321 2489 347 2528 8
379 2485 557 2530 horosc.
588 2485 695 2530 hab.
729 2488 768 2529 Δ
894 2490 947 2529 10
982 2485 1040 2529 ob
1073 2501 1156 2530 om.
1190 2491 1224 2528 D
1273 2486 1331 2529 ab
1366 2491 1400 2528 G
1434 2486 1490 2530 ob
1522 2486 1610 2530 hoc
1642 2501 1726 2530 om.
1755 2491 1794 2528 N

167 2550 218 2587 11
252 2545 341 2588 iste
367 2558 448 2589 om.
475 2547 515 2588 Δ
641 2550 694 2587 12
718 2545 896 2589 horosc.
922 2545 1028 2589 hab.
1058 2547 1143 2589 ΓΙ)
1178 2547 1183 2599 Ι
1220 2545 1325 2589 add.
1351 2550 1390 2587 N
1506 2549 1559 2588 15
1591 2546 1755 2601 respic.
1780 2546 1853 2588 vel

165 2604 222 2646 de
248 2604 408 2658 quadr.
431 2606 488 2661 N]
515 2603 587 2647 vel
613 2603 655 2647 d.
683 2618 759 2659 qu.
783 2617 903 2660 resp
1027 2609 1080 2648 16
1115 2606 1197 2649 del.
1225 2609 1296 2647 Gv
1419 2608 1472 2647 17
1497 2604 1660 2648 bestiis
1683 2607 1728 2647 Γ
1774 2604 1851 2648 be-

164 2663 254 2706 luis
287 2666 326 2706 Δ
452 2668 506 2706 18
540 2662 761 2706 deficiunt
791 2662 839 2705 A‘
893 2666 898 2719 Ι
947 2663 1109 2707 XXVI.
1135 2665 1193 2722 Ν]
1225 2663 1364 2707 XXV.
1416 2666 1421 2719 Ι
1471 2663 1648 2707 horosc.
1675 2663 1859 2707 ha.1¹

226 2727 279 2765 19
314 2722 581 2779 auruspices
613 2727 648 2764 D
690 2721 943 2778 aurispices
975 2726 1012 2764 A
1051 2723 1287 2779 aruspices
1318 2727 1395 2765 Nv
1531 2727 1586 2765 20
1618 2722 1727 2765 fidei
1761 2727 1794 2764 G

166 2786 219 2823 21
247 2795 302 2825 ea
323 2781 455 2839 PJip
460 2784 566 2824 sad
675 2786 786 2837 ‘22p
791 2780 1001 2825 ..XXVII
1022 2781 1073 2825 G.
1092 2782 1198 2840 NJp
1204 2781 1392 2825 ..XXVI
1412 2781 1462 2824 G.
1482 2786 1516 2823 D
1541 2784 1674 2837 parte
1691 2781 1850 2824 XXVI

166 2839 216 2884 G.
243 2843 377 2896 parte
403 2845 437 2882 G
469 2839 628 2883 XXVI
657 2838 709 2883 G.
735 2796 786 2895 pp
805 2844 842 2882 A
963 2845 1018 2884 23
1050 2798 1227 2885 horosc.
1261 2840 1368 2883 hab.
1399 2843 1445 2883 Γ
1541 2797 1615 2884 p25
1648 2840 1851 2883 XXVIII.

164 2900 221 2957 N]
247 2899 429 2943 XXVII.
551 2904 606 2942 26
632 2905 672 2944 et
696 2903 752 2942 28
783 2899 960 2942 horosc.
986 2899 1092 2943 hab.
1122 2902 1168 2943 Γ
1284 2905 1338 2942 27
1371 2899 1531 2942 XXIX.
1556 2899 1615 2958 N]
1647 2899 1850 2942 XXVIII.
