2066 3192
767 130 809 175 V
841 135 882 185 3,
906 143 1068 176 44-49.
1709 131 1781 182 45

86 254 235 305 11111111
292 252 728 304 contrarietatum
785 251 1021 303 decernit
1074 252 1427 304 incommoda.
1505 250 1608 303 Sed
1660 269 1777 302 cum

87 327 143 378 in
182 326 359 379 Leone
398 326 500 378 erit
538 329 591 378 et
631 326 687 377 in
724 343 787 377 ea
824 325 986 377 fuerit
1025 327 1175 393 parte
1214 326 1271 377 in
1302 343 1408 394 qua
1442 329 1525 378 est
1554 322 1782 393 †Capri—

88 418 282 454 cornus
330 401 678 467 constitutuS,
715 402 844 451 tunc
897 402 1046 451 actus
1091 399 1355 452 maximos
1403 402 1457 452 et
1494 416 1781 468 prosperae

86 474 360 528 felicitatis
407 476 695 544 augmenta
741 473 990 527 decernit.
1069 471 1175 526 Sed
1222 491 1320 526 nec
1369 474 1426 526 in
1475 473 1580 526 hoc
1626 473 1779 542 signo

43 570 63 602 5
89 549 412 602 constitutus
465 548 727 618 virginem
782 547 875 599 dat
927 564 1172 616 uxorem,
1226 548 1317 601 sed
1371 547 1511 600 hanc
1560 547 1780 599 eandem

87 626 180 676 aut
224 622 444 691 repudio
493 625 703 690 separat
745 639 953 690 semper
992 625 1084 674 aut
1122 625 1308 675 morte.
1388 620 1492 674 Sed
1531 624 1586 673 et
1625 639 1781 690 quae·

87 714 296 766 cunque
334 697 442 749 11118
481 697 684 765 primae
724 696 1016 764 desponsae
1054 696 1270 764 fuerint,
1308 714 1418 749 non
1449 696 1661 749 easdem
1693 714 1782 764 pa-

86 771 220 824 titur
252 791 277 819 *
297 791 323 820 *
342 791 368 819 *
388 791 438 839 ηε,
470 774 563 823 aut
601 771 656 822 in
688 770 1030 823 matrimonio
1061 788 1412 840 perseverare.
1480 769 1784 824 Sortientur

89 863 215 899 vero
254 863 448 898 uxores
488 844 554 898 ab
595 844 715 897 aliis
754 847 1036 913 stupratas,
1116 843 1220 897 Sed
1266 844 1324 897 hi
1369 845 1510 898 filios
1555 863 1621 897 ex
1659 844 1783 897 dua-

0 908 64 1002 ho
87 919 188 972 bus
228 919 542 972 mulieribus
583 919 897 987 suscipiunt,
934 918 1211 972 habebunt
1249 922 1430 972 tamen
1469 919 1678 972 dolores
1718 937 1781 971 ex

88 994 316 1047 assiduis
356 993 620 1046 mortibus
660 993 910 1058 filiorum,
955 997 1047 1045 aut
1085 993 1186 1046 filii
1224 993 1333 1046 illis
1371 996 1428 1047 in
1466 997 1782 1063 perpetuum

89 1069 430 1139 denegantur.
507 1067 735 1120 Dolores
786 1086 910 1120 vero
966 1071 1020 1120 et
1072 1067 1392 1122 valitudines
1446 1071 1540 1121 aut
1588 1069 1644 1120 in
1697 1067 1869 1119 611-48

88 1144 272 1195 tremis
319 1143 564 1212 partibus
612 1160 912 1212 corporum,
959 1145 1052 1194 aut
1098 1143 1155 1196 in
1202 1142 1475 1196 absconsis
1517 1145 1570 1194 et
1606 1159 1783 1195 neces-

89 1216 244 1269 sariis
282 1216 569 1270 habebunt.
648 1214 753 1268 Sed
791 1217 1050 1269 maximas
1088 1217 1369 1270 incurrunt
1407 1217 1548 1270 vitae
1587 1220 1784 1286 tempe-

22 1320 64 1353 15
89 1295 252 1345 states
307 1295 360 1344 et
413 1291 647 1343 maxima
699 1290 958 1359 pericula,
1013 1309 1131 1344 cum
1184 1290 1447 1344 Saturnus
1490 1290 1752 1345 Cancrum
1771 1302 1965 1345 fol-⁶2⁰11

88 1367 249 1418 fuerit
300 1366 587 1436 ingressus.
667 1363 772 1417 Sed
821 1382 940 1419 cum
993 1365 1060 1418 ad
1097 1365 1330 1419 Leonem
1377 1366 1664 1419 transitum
1711 1366 1783 1418 fe-

90 1441 243 1507 cerit,
281 1457 347 1492 ex
384 1439 502 1493 istis
548 1440 959 1508 tempestatibus
1004 1440 1217 1493 liberati
1264 1440 1610 1510 tranquillam
1651 1458 1784 1492 sere-

88 1482 274 1567 nitatis
319 1514 579 1567 laetitiam
627 1531 745 1566 cum
795 1515 1029 1567 maximo
1071 1519 1473 1584 consequuntur
1511 1515 1784 1568 felicitatis

90 1592 392 1660 augmento.
470 1587 617 1641 Tunc
669 1588 811 1641 enim
860 1587 1121 1643 Saturnus
1167 1589 1407 1658 requiem
1454 1593 1582 1642 tunc
1628 1607 1784 1658 pecu-

0 1692 69 1725 ,ω
90 1663 300 1716 uiarum
355 1665 665 1733 augmenta,
727 1666 855 1715 tunc
909 1663 1263 1716 substantiam
1319 1667 1446 1718 tunc
1500 1665 1783 1716 sanitatem

91 1741 219 1791 tunc
264 1737 525 1790 laetitiam
571 1741 700 1790 tunc
740 1739 945 1791 rectum
985 1738 1225 1791 ordinem
1266 1739 1405 1791 vitae
1445 1738 1636 1807 sopitis
1675 1756 1784 1791 om—

90 1812 250 1865 nibus
288 1811 597 1864 infortuniis
636 1811 879 1882 largitur.

204 1884 542 1956 [Saturnus
583 1886 646 1938 in
684 1884 1012 1956 Aquario]
1054 1885 1373 1955 Quicunque
1406 1885 1695 1940 Saturnum
1729 1887 1786 1939 in
1802 1885 1873 1937 49

92 1958 331 2029 Aquario
370 1961 679 2029 habuerint,
729 1964 885 2013 erunt
930 1960 987 2012 in
1032 1962 1204 2029 prima
1250 1965 1423 2014 aetate
1471 1961 1681 2028 deiecti,
1733 1964 1784 2013 et

0 2062 69 2096 :²5
94 2034 348 2102 quicquid
386 2038 668 2103 paternum
713 2036 1044 2104 susceperint
1084 2036 1328 2103 perdunt.
1407 2034 1508 2088 Sed
1550 2039 1603 2088 et
1641 2035 1785 2103 quic-

95 2108 222 2177 quid
268 2109 500 2178 primum
546 2108 846 2176 habuerint,
895 2110 1077 2162 eadem
1115 2109 1436 2162 laceratione
1478 2109 1787 2178 dilapidant,

96 2186 149 2234 et
186 2186 317 2235 tunc
354 2183 459 2250 ipsi
498 2186 552 2235 et
590 2202 683 2251 per
715 2187 882 2236 semet
913 2184 1058 2252 ipsos
1090 2202 1154 2236 ex
1184 2184 1395 2254 magnis
1427 2183 1636 2237 actibus
1668 2202 1787 2252 pro-

93 2256 295 2309 ficiunt.
373 2255 664 2309 Habebunt
713 2260 891 2309 autem
944 2275 1009 2310 ex
1055 2258 1478 2327 aegritudinibus
1527 2257 1787 2311 maximas

93 2330 234 2384 vitae
257 2334 618 2399 tempestateS‚
650 2331 742 2384 sed
774 2332 838 2383 ab
865 2330 949 2384 his
976 2331 1224 2384 omnibus
1249 2332 1557 2384 liberantur.
1613 2332 1787 2384 Erunt

30 2433 74 2466 30
98 2407 274 2457 autem
326 2405 684 2473 periculorum
735 2405 1043 2458 discrimina
1093 2406 1148 2457 in
1200 2406 1547 2459 ebdomaticis
1599 2410 1653 2459 et
1703 2424 1788 2457 en-

216 2585 240 2623 2
274 2580 322 2623 111
354 2594 436 2625 om.
463 2584 583 2623 Boo
610 2583 617 2636 Ι
645 2580 736 2624 erit
766 2582 848 2626 del.
875 2584 900 2633 ζ
929 2581 1073 2625 fuerit
1104 2597 1131 2624 a
1159 2584 1165 2637 Ι
1202 2580 1526 2639 Capricornus]
1563 2581 1641 2625 Sol
1672 2598 1698 2624 κ

99 2643 121 2682 7
165 2639 343 2696 primae
379 2639 506 2698 rw]
538 2653 612 2683 me
644 2642 727 2683 aut
757 2645 816 2695 N,
856 2654 947 2685 ras.
980 2642 1155 2685 interiit
1186 2640 1243 2683 D¹
1396 2646 1421 2684 8
1462 2641 1631 2685 excidit
1670 2642 1790 2684 velut

96 2700 179 2741 aut
209 2698 258 2741 in
289 2699 638 2743 matrimonium
674 2699 781 2743 duci
814 2703 839 2751 ζ
863 2702 869 2753 Ι
898 2700 1158 2743 sortiuntur
1189 2702 1228 2742 Δ
1350 2704 1404 2742 14
1437 2700 1667 2743 maximae
1704 2702 1750 2743 Γ

94 2756 332 2802 incurrent
362 2762 428 2801 Bo
554 2762 607 2801 18
648 2761 996 2814 consequuntur
1026 2759 1082 2816 A]
1133 2760 1390 2813 sequuntur
1423 2763 1458 2800 G
1505 2772 1788 2814 consequen-

94 2818 172 2859 tur
202 2819 241 2860 Δ
291 2817 639 2861 constituuntur
675 2821 792 2860 Bov
915 2822 968 2861 19
1003 2817 1229 2861 Saturnus
1268 2817 1376 2860 ΓΙ)2
1407 2820 1508 2873 (om.
1534 2818 1607 2875 A)]
1642 2817 1786 2874 signi-

94 2874 239 2918 ficant
271 2878 359 2919 AN
390 2879 448 2932 (ct
477 2875 585 2932 D¹.9)
708 2881 763 2919 22
805 2877 895 2933 leye
926 2876 1178 2921 infortunis
1302 2881 1357 2919 23
1399 2878 1559 2920 lemma
1591 2892 1674 2920 om.
1701 2880 1740 2920 Δ

98 2938 153 2976 24
185 2934 235 2976 111
259 2948 342 2978 om.
369 2934 510 2978 A'on
632 2940 688 2979 25
713 2936 911 2991 perdent
936 2938 976 2979 A
1100 2940 1154 2978 27
1189 2937 1237 2978 et
1266 2949 1347 2979 sec.
1373 2949 1456 2979 om.
1484 2940 1553 2978 Ov
