2038 3162
808 116 1166 163 PRAEFATIO.
1666 117 1838 164 XXXV

215 254 504 312 Nuperrime,
530 267 635 298 cum
654 252 892 296 ‘addenda
916 254 964 296 et
987 250 1282 309 corrigenda'
1301 251 1396 295 iam
1420 251 1648 309 impressa
1670 253 1838 308 essent,

140 314 318 372 prodiit
340 313 415 358 W.
442 314 494 357 A.
521 312 828 364 Baehrens,
871 311 1088 369 Beitrage
1121 325 1201 354 zur
1231 310 1543 356 lateinischen
1576 310 1755 368 Syntax
1780 334 1835 349 =

140 372 413 431 Philologus
446 371 606 429 Suppl.
641 371 723 416 Bd.
749 371 832 414 Xll
864 375 912 424 2,
950 385 996 427 p.
1026 374 1275 414 233-556.
1341 369 1442 423 Qua
1472 371 1522 414 in
1555 372 1839 415 commenta-

139 433 268 478 tione
301 434 464 477 auctor
495 431 742 488 permultis
773 430 963 474 Firmici
994 429 1109 474 locis
1140 431 1321 475 textum
1352 429 1487 474 libris
1518 430 1788 487 traditum,=
1812 444 1840 474 a

140 492 275 537 nobis
307 491 626 545 emendatum,
667 490 914 534 defendere
955 491 1160 534 conatur.
1225 490 1343 533 Sunt
1374 502 1486 533 sane
1524 489 1652 533 haud
1683 490 1839 546 pauci,

141 551 312 607 quibus
350 550 452 595 iure
482 550 708 594 librorum
746 551 972 606 patronus
1005 548 1188 603 existit,
1225 548 1532 605 plurimorum
1568 552 1724 593 autem
1756 562 1840 592 na-

140 614 243 655 tura
267 611 383 654 haec
414 612 499 664 est,
531 612 585 653 ut
615 610 837 653 miremur
859 608 956 652 ullo
989 608 1178 652 omnino
1208 608 1311 652 loco
1334 608 1669 653 Baehrensium
1699 608 1841 653 libra-

140 671 315 714 riorum
348 682 524 714 errores
556 669 813 712 admittere.
866 667 990 711 Nam
1023 667 1247 724 quicquid
1279 667 1326 711 in
1361 667 1602 712 codicibus
1634 671 1841 713 erratum

142 732 228 784 est,
261 729 362 773 eius
393 729 584 785 quidem
614 728 846 772 rationem
878 727 1027 771 secuti
1056 727 1149 784 ipsi
1179 727 1381 772 Firmico
1413 727 1647 784 imputare
1678 741 1841 784 possu-

142 804 261 833 mus.
324 788 564 841 Locorum,
598 787 768 844 quibus
801 787 1054 843 scripturas
1087 786 1303 830 codicum
1334 786 1407 830 vel
1438 787 1646 831 omnium
1679 789 1842 831 contra

144 848 344 894 editores
370 847 442 892 vel
474 847 780 892 vetustiorum
805 850 968 891 contra
999 845 1279 890 recentiores
1302 846 1527 901 restituit,
1560 848 1644 891 aut
1675 846 1842 891 deletis

143 921 264 964 quae
294 921 380 951 nos
413 906 703 960 addidimus,
743 908 827 950 aut
866 905 1140 962 adprobatis
1172 919 1294 961 quae
1324 920 1408 950 nos
1448 906 1695 962 eiecimus,
1734 920 1840 951 con-

144 969 327 1024 spectus
366 966 445 1010 hic
485 968 575 1011 est:
625 966 644 1009 I
678 971 731 1009 18
750 978 792 1010 23
837 970 930 1009 258
973 969 1028 1008 46
1048 977 1090 1009 26
1134 969 1227 1009 952
1273 969 1418 1010 10714
1462 970 1605 1010 10912
1631 979 1673 1010 28
1719 970 1841 1010 1201

146 1032 265 1070 1223
300 1030 440 1070 13820
475 1030 558 1068 153
573 1037 615 1070 23
648 1027 765 1082 (cum
797 1024 905 1080 del.)
939 1029 1079 1068 15913
1114 1029 1198 1068 160
1212 1038 1253 1069 21
1282 1027 1330 1069 66
1358 1037 1400 1070 29
1432 1027 1490 1082 (si
1519 1026 1666 1082 tenet)
1701 1030 1785 1069 164
1800 1038 1843 1070 26

144 1087 437 1143 (decernitur)
471 1089 616 1129 16812
662 1089 802 1129 17716
847 1089 931 1128 183
950 1097 992 1129 20
1037 1088 1156 1128 1889
1202 1089 1284 1127 191
1305 1098 1346 1128 12
1379 1088 1482 1141 (quo
1516 1086 1663 1141 tenet)
1697 1089 1781 1128 199
1800 1097 1842 1130 26

145 1150 230 1190 203
246 1159 262 1190 1
298 1146 498 1202 (possint
522 1144 630 1200 del.)
656 1148 742 1188 203
756 1156 836 1188 9110
868 1145 937 1199 (in
960 1144 1031 1188 his
1053 1144 1222 1189 scilicet
1244 1144 1343 1202 [et]
1366 1145 1530 1200 quibus
1553 1143 1676 1188 male
1701 1144 1842 1189 intel-

143 1204 265 1250 lecto
291 1206 542 1261 apparatu)
567 1208 653 1247 203
669 1216 712 1248 14
743 1207 884 1248 20511
911 1206 1182 1260 (concitatur
1205 1205 1344 1259 tenet)
1371 1207 1510 1248 20811
1543 1208 1629 1247 209
1648 1217 1690 1248 14
1721 1209 1843 1249 2106

146 1277 188 1309 13
212 1276 254 1309 25
287 1267 372 1308 213
392 1276 433 1308 15
465 1267 550 1307 215
569 1276 612 1308 24
643 1264 866 1320 (sollicitet
889 1264 1032 1317 tenet)
1066 1267 1151 1305 222
1170 1275 1190 1307 6
1223 1267 1309 1305 224
1327 1275 1369 1307 20
1403 1268 1544 1307 22710
1576 1266 1845 1321 (cernuntur

145 1326 289 1378 tenet)
330 1327 415 1367 228
434 1337 452 1368 2
486 1323 784 1380 (cerebrorum
812 1322 873 1380 [7²]
912 1322 1132 1366 notitiam
1163 1336 1343 1367 rumore
1375 1324 1663 1379 perveniant)
1697 1328 1783 1367 230
1801 1335 1845 1368 24

147 1388 231 1426 231
251 1397 292 1427 22
334 1387 417 1426 237
433 1395 475 1427 21
508 1383 732 1439 (debemus
764 1381 872 1437 del.)
906 1386 1031 1425 2394
1062 1385 1303 1438 (monstrat
1333 1383 1477 1438 tenet)
1511 1387 1596 1426 239
1615 1395 1657 1427 28
1697 1387 1782 1426 243
1801 1395 1844 1426 so

146 1443 387 1500 (discutere
409 1444 555 1498 tenet)
583 1446 667 1485 245
682 1455 726 1485 24
749 1441 987 1499 (deperdat
1009 1443 1154 1495 tenet)
1180 1445 1266 1484 248
1281 1454 1322 1486 26
1355 1446 1440 1485 253
1455 1454 1499 1486 24
1530 1446 1615 1485 256
1630 1455 1672 1487 16
1690 1445 1762 1499 (=
1780 1445 1843 1496 σζ,

146 1517 187 1547 v.
213 1502 337 1558 add.)
372 1506 511 1546 25714
543 1505 614 1559 (ex
645 1500 752 1556 del.)
786 1505 871 1544 260
890 1515 929 1545 11
956 1513 999 1546 23
1032 1505 1116 1544 266
1135 1514 1178 1546 26
1210 1505 1296 1544 275
1315 1514 1357 1546 26
1389 1504 1657 1558 (cernuntur
1686 1504 1845 1557 tenet).

222 1598 509 1646 Editionem
541 1600 804 1659 tamquam
834 1598 1112 1659 principem
1143 1597 1416 1646 curandam
1441 1602 1729 1661 susceperat
1754 1598 1843 1646 Ca-

146 1673 282 1720 rolus
317 1671 449 1720 Sittl.
511 1671 605 1720 Sed
638 1688 748 1719 cum
779 1671 1036 1734 publicata
1066 1674 1210 1734 parte
1235 1672 1259 1719 Ι
1291 1666 1515 1739 (Lipsiae
1544 1674 1686 1721 1894
1712 1673 1844 1735 apud

152 1739 487 1812 Teubnerum)
522 1746 695 1794 statim
735 1761 847 1794 cum
887 1746 977 1794 alii
1014 1748 1123 1794 tum
1162 1762 1252 1796 nos
1292 1763 1400 1794 eam
1439 1748 1580 1796 nulla
1612 1763 1670 1796 ex
1700 1750 1844 1810 parte

148 1836 206 1870 ea
246 1823 522 1882 praestare,
563 1836 690 1883 quae
738 1820 1038 1883 praestanda
1078 1823 1240 1884 erant,
1289 1815 1710 1886 cognevissemus,
1755 1838 1844 1871 nos

149 1911 274 1958 opus
319 1896 541 1958 aggressi
580 1910 770 1955 sumus,
818 1897 869 1943 et
898 1895 953 1942 B.
982 1893 1038 1942 G.
1065 1895 1351 1944 Teubnerus
1383 1896 1657 1959 bibliopola
1695 1897 1844 1944 hone-

150 1970 395 2017 stissimus
451 1969 735 2017 admirabili
788 1969 1090 2017 liberalitate
1138 1969 1354 2017 eiusdem
1410 1972 1626 2020 auctoris
1665 1971 1846 2018 iterum

149 2043 466 2106 imprimendi
512 2043 760 2106 impensas
807 2044 968 2091 facere
1015 2059 1116 2091 non
1162 2046 1349 2092 veritus
1398 2045 1485 2093 est.
1550 2042 1687 2108 Opus
1725 2047 1846 2093 611116

150 2118 440 2165 inchoatum
470 2133 602 2165 nunc
634 2118 914 2166 confectum
944 2120 1096 2165 tenes.

225 2192 298 2239 De
333 2192 827 2255 orthographicis
860 2193 920 2239 cf.
946 2193 1042 2240 vol.
1068 2192 1091 2239 I
1123 2192 1300 2254 p.V11.
1340 2193 1399 2240 In
1423 2193 1635 2242 secundo
1660 2193 1845 2256 ubique

151 2265 335 2314 formas
375 2282 473 2314 non
517 2265 827 2314 adsimilatas
861 2266 1171 2314 restituimus
1205 2259 1446 2332 (itemque
1478 2267 1530 2315 in
1561 2262 1847 2335 indicibus),

153 2340 386 2401 quoniam
425 2341 516 2388 has
555 2341 740 2389 formas
788 2340 1116 2403 archetypum
1162 2342 1382 2389 omnium
1426 2341 1666 2390 librorum
1705 2357 1845 2405 prae-

151 2413 315 2462 buisse
357 2430 414 2461 ex
454 2416 701 2477 scriptura
741 2414 968 2463 codicum
999 2417 1335 2464 vestustorum
1378 2419 1607 2479 apparet3
1655 2417 1845 2464 codices

151 2490 370 2536 recentes
410 2488 459 2535 in
499 2489 592 2536 hac
631 2505 683 2537 re
725 2491 775 2536 et
813 2490 866 2536 in
900 2489 1012 2537 aliis
1044 2490 1188 2538 valde
1221 2490 1461 2539 fluctuare
1492 2492 1574 2539 vix
1606 2494 1682 2538 est
1713 2490 1845 2553 quod

153 2577 452 2611 moneamus,

228 2636 530 2684 Elaborandi
568 2635 716 2685 huius
756 2637 981 2684 fasciculi
1020 2637 1150 2686 ratio
1188 2638 1311 2686 haec
1355 2638 1464 2686 fuit.
1521 2638 1666 2686 Anno
1703 2640 1843 2688 1908

157 2708 470 2770 Skutschius,
518 2711 598 2759 cui
638 2710 741 2759 eius
781 2711 1111 2773 praeparandi
1143 2727 1322 2760 munus
1363 2712 1632 2775 obtigerat,
1679 2715 1847 2760 omnia

154 2784 404 2846 praesidia
443 2799 554 2846 sua,
602 2801 728 2847 quae
767 2785 874 2846 ipse
914 2788 964 2832 et
995 2785 1216 2834 Krollius
1249 2786 1573 2850 collegerant,
1624 2787 1844 2850 Zieglero

156 2857 377 2906 tradidit.
435 2857 530 2915 Qui
561 2875 619 2906 ex
651 2859 727 2907 his
760 2858 994 2920 aliisque,
1035 2875 1162 2920 quae
1194 2863 1526 2922 accesserunt,
1566 2862 1757 2908 textum
1798 2863 1847 2908 et

157 2934 454 2992 apparatum
501 2934 784 2994 constituit,
839 2948 985 2994 quem
1034 2933 1253 2982 Krollius
1301 2936 1352 2981 et
1399 2933 1692 2983 Skutschius
1738 2951 1845 2996 per-

1521 3015 1578 3059 c*
