2090 3198
301 145 334 197 3
344 145 408 197 16
1033 145 1262 190 FIRMICI

301 266 539 318 unioculi
579 266 775 318 stolido
814 266 1080 318 fatuitatis
1122 269 1340 335 stupore
1379 265 1622 319 confecti.
1691 263 1752 317 In
1793 264 1991 317 Arietis

301 342 453 408 parte
477 338 569 392 IV.
597 341 919 408 quicumque
941 339 1228 392 habuerint
1257 339 1631 408 horoscopum,
1662 342 1818 392 erunt
1848 339 1992 391 fures

303 414 395 482 qui
433 413 491 465 in
529 414 633 466 isto
674 412 910 466 facinore
950 413 1264 482 deprehensi
1304 413 1628 466 occidantur.
1697 411 1762 465 In
1793 411 1992 464 Arietis

302 490 452 555 parte
493 486 555 539 V.
598 489 919 556 quicumque
958 487 1206 540 habuerit
1243 488 1626 556 horoscopum,
1663 505 1860 557 magno
1899 505 1992 554 po-

301 561 430 629 pulo
469 561 724 630 praeerit,
765 564 818 614 et
857 562 920 614 de
957 561 1115 615 rebus
1153 561 1401 614 maximis
1440 560 1714 629 iudicabit,
1753 564 1805 613 et
1842 578 1991 629 prae·
2037 580 2058 613 5

300 638 531 703 ponetur
583 635 831 688 omnibus
881 636 991 688 suis
1045 636 1239 688 merito
1291 635 1582 706 dignitatis.
1649 634 1770 687 Erit
1818 635 1990 686 iustus

210 754 213 757 ,
302 709 509 778 integer
559 709 791 778 sobrius,
847 712 940 779 qui
993 710 1279 779 religiones
1331 709 1533 778 patrias
1587 726 1707 760 cum
1760 708 1994 760 maxima

302 783 642 835 veneratione
680 786 908 836 tueatur.
980 783 1083 837 Sed
1123 785 1269 836 omni
1310 784 1590 852 praeconio
1622 781 1880 834 bonitatis
1912 800 1993 834 or-

251 856 474 924 3natUS,
514 860 684 909 morte
725 877 821 910 sua
858 858 1130 913 morietur,
1207 856 1270 909 In
1309 857 1508 910 Arietis
1554 860 1706 926 parte
1745 855 1837 908 VI.
1879 856 1993 924 qui-

305 948 530 1000 cumque
576 930 825 986 habuerit
871 933 1254 1000 horoscopum,
1309 932 1410 984 erit
1458 932 1658 983 amicus
1705 947 1892 999 regum
1941 932 1994 982 et
2018 949 2060 982 ιο

301 1005 605 1074 potentium
667 1005 902 1058 iudicum
966 1006 1345 1072 maximorum,
1413 1004 1713 1058 illustribus
1776 1006 1994 1056 ornatus

304 1079 583 1148 dignitatis
622 1079 940 1150 insignibuS,
978 1082 1031 1132 et
1064 1080 1242 1132 omnia
1273 1079 1330 1131 in
1362 1097 1416 1131 se
1447 1078 1652 1149 gloriae
1684 1080 1994 1131 ornamenta

304 1153 694 1206 circumferens.
787 1153 972 1206 Alium
1035 1155 1162 1206 artis
1225 1153 1498 1207 cuiusdam
1561 1151 1994 1206 conmendabunt

304 1227 509 1296 merita,
540 1227 676 1279 alius
708 1227 1032 1280 militaribus
1066 1227 1259 1280 officiis
1289 1227 1534 1296 praeerit.
1607 1225 1710 1279 Sed
1741 1226 1798 1278 hi
1823 1228 1994 1278 morte

303 1319 398 1353 sua
443 1301 758 1354 moriuntur.
837 1301 899 1354 In
938 1300 1139 1354 Arietis
1187 1305 1337 1370 parte
1377 1300 1495 1354 VII.
1538 1301 1858 1370 quicumque
1904 1301 1993 1352 ha·
2018 1317 2060 1350 15

302 1375 479 1427 buerit
518 1376 900 1445 horoscopum,
941 1395 1063 1430 cum
1101 1376 1413 1428 testimonio
1453 1374 1598 1428 Iovis
1638 1375 1739 1427 erit
1778 1374 1993 1441 athleta,

303 1466 423 1500 cum
479 1448 669 1502 Martis
723 1469 848 1503 vero
897 1450 1208 1502 testimonio
1264 1450 1579 1519 gibberosus
1632 1447 1994 1500 biothanatus,

251 1521 366 1574 4111
412 1521 614 1575 Arietis
660 1528 811 1593 parte
857 1523 997 1576 VIII.
1045 1525 1366 1592 quicumque
1416 1523 1701 1576 habuerint
1746 1522 1995 1574 horosco-

303 1616 457 1666 pum,
518 1615 636 1649 cum
693 1598 1005 1651 testimonio
1061 1597 1432 1650 malivolarum
1488 1599 1782 1663 stellarum,
1837 1599 1994 1647 erunt

303 1670 535 1723 athletae
567 1671 659 1722 sed
693 1690 825 1741 quos
858 1671 1145 1724 nobilitent
1176 1673 1467 1724 illustrium
1499 1671 1691 1723 merita
1717 1671 1991 1723 virtutum.
2017 1688 2061 1720 20

305 1743 407 1796 Sed
446 1743 503 1796 hi
541 1748 665 1813 post
704 1747 874 1798 multa
914 1746 1147 1815 insignia
1186 1745 1500 1798 biothanata
1539 1748 1764 1813 pereunt
1808 1747 1991 1796 morte.

307 1817 363 1870 Si
401 1837 526 1870 vero
568 1819 634 1871 ad
673 1819 811 1872 hanc
849 1824 1055 1888 partem
1095 1819 1465 1872 benivolarum
1507 1821 1778 1871 stellarum
1812 1818 1993 1869 radius

119 1903 313 1941 s01.10701
333 1893 635 1961 accesserit,
690 1897 844 1946 erunt
893 1897 1040 1946 vates
1089 1893 1321 1946 maxima
1367 1893 1423 1945 in
1470 1894 1647 1945 animo
1697 1891 1993 1944 divinitatis

304 1966 535 2035 insignia
572 1967 945 2036 praeferentes
1016 1966 1080 2019 In
1118 1967 1318 2020 Arietis
1359 1970 1510 2036 parte
1543 1965 1635 2018 IX.
1670 1966 1992 2034 quicumque

303 2040 591 2092 habuerint
628 2042 1010 2110 horoscopum,
1058 2043 1114 2093 in
1158 2041 1332 2110 prima
1372 2044 1544 2093 aetate
1583 2041 1746 2109 positi
1786 2039 1992 2092 biotha-
2018 2056 2059 2088 25

252 2114 427 2167 bnata
466 2118 635 2167 morte
674 2115 979 2168 morientur.
1051 2114 1114 2167 In
1146 2115 1346 2168 Arietis
1384 2119 1536 2184 parte
1567 2115 1630 2166 X.
1671 2115 1993 2182 quicumque

303 2187 592 2241 habuerint
630 2189 1003 2258 horoscopum,
1043 2193 1200 2241 erunt
1231 2189 1422 2257 perfidi
1453 2188 1747 2259 inreligiosi
1779 2187 1997 2256 periuri,

306 2262 398 2314 sed
437 2261 493 2314 hi
533 2264 694 2314 variis
733 2264 987 2316 vitiorum
1027 2263 1411 2316 valitudinibus
1452 2262 1691 2332 oppressi
1731 2263 1786 2313 in
1821 2262 1994 2329 prima

306 2338 478 2387 aetate
539 2338 847 2389 morientur.
925 2337 988 2389 In
1048 2336 1247 2389 Arietis
1309 2340 1461 2406 parte
1521 2335 1610 2388 XI.
1674 2337 1992 2403 quicumque

426 2531 447 2567 1
482 2526 687 2569 unioculi
718 2526 824 2568 ΙῊ)2
847 2527 953 2583 my]
985 2526 1191 2570 uinoculi
1218 2531 1251 2567 G
1282 2526 1471 2570 unoculi
1495 2530 1532 2568 A
1560 2540 1643 2570 om.
1668 2525 1726 2567 11¹
1857 2529 1882 2566 3
1916 2537 1992 2566 oc—

306 2584 518 2627 cidentur
545 2587 592 2627 Γ
707 2590 731 2628 ὃ
765 2587 817 2627 ut
850 2587 1165 2641 praeponatur
1195 2588 1235 2628 Δ
1359 2591 1383 2627 6
1421 2598 1530 2628 suae
1562 2601 1589 2627 a
1638 2587 1644 2640 Ι
1693 2583 1858 2626 merita
1890 2585 1929 2626 Δ

307 2647 329 2684 7
364 2643 541 2698 patrias
575 2646 622 2699 u]
655 2644 802 2699 patris
927 2650 977 2686 11
1013 2645 1259 2699 potentum
1291 2647 1330 2687 Δ
1390 2647 1395 2699 Ι
1453 2644 1638 2687 maxim.
1672 2648 1777 2687 ante
1808 2645 1855 2686 et
1879 2655 1989 2697 pon.

306 2715 351 2754 σς
386 2702 561 2745 auxilio
589 2705 695 2758 (pro
719 2705 857 2758 max.)
884 2720 910 2746 κ
1026 2708 1080 2746 13
1114 2703 1257 2746 alium
1286 2704 1353 2761 Γ]
1379 2703 1499 2746 alius
1524 2705 1563 2746 Δ
1689 2706 1742 2745 18
1774 2700 1992 2744 habuerit

305 2774 416 2804 corr.
449 2776 478 2803 v
601 2767 651 2804 21
679 2764 876 2817 pereunt
900 2764 1047 2805 morte
1073 2763 1133 2819 A]
1159 2763 1380 2818 peribunt
1402 2763 1550 2805 morte
1576 2766 1647 2803 Gv
1677 2764 1824 2804 morte
1849 2759 1991 2802 inter-

304 2819 440 2862 ibunt
471 2824 507 2861 A
659 2825 714 2863 26
746 2820 1006 2863 moriuntur
1037 2824 1077 2863 A
1231 2826 1285 2864 27
1318 2821 1492 2877 periuri
1523 2821 1584 2878 A]
1625 2817 1795 2874 impuri
1832 2821 1878 2861 Γ

306 2882 359 2919 28
393 2878 441 2921 hi
475 2893 556 2922 om.
584 2882 623 2922 A
676 2876 692 2935 Ι’
730 2879 779 2922 in
805 2879 1133 2922 altitudinibus
1159 2882 1198 2923 A
1322 2884 1376 2922 29
1410 2882 1565 2923 aetate
1593 2893 1675 2922 om.
1703 2880 1742 2920 A
1794 2879 1800 2932 Ι
1850 2877 1989 2920 mori-

304 2940 444 2979 untur
476 2942 546 2979 (ἓν
