2100 3186
821 99 906 144 vn
937 104 1119 155 8‚1—9.
1712 100 1819 152 231

13 197 20 239 ἱ
130 220 327 290 posita,
366 223 458 272 aut
496 220 542 272 si
580 218 732 271 Luna
778 219 834 271 in
880 218 1178 289 horoscopo
1226 220 1519 273 constituta
1559 217 1821 273 Saturnus

130 293 199 346 sit
239 294 294 345 in
338 292 478 347 VIII.
519 293 586 345 ab
625 294 927 362 horoscopo
973 293 1093 347 loco
1139 295 1370 363 positUS,
1425 293 1608 347 oculos
1654 294 1786 347 vitio
1811 305 1982 343 r01.9301

130 367 436 420 suffusionis
491 371 750 420 excaecat.
829 365 933 420 Sed
987 370 1040 419 et
1090 367 1136 419 si
1191 366 1285 420 Sol
1339 385 1458 420 cum
1505 367 1675 421 Marte
1729 365 1872 420 aut5

130 459 251 493 cum
289 441 551 494 Mercurio
591 442 648 494 in
679 440 798 493 VH.
831 441 896 494 ab
934 441 1235 510 horoscopo
1274 441 1393 493 loco
1432 442 1608 509 fuerit,
1646 442 1822 494 luscos

85 536 104 568 5
129 516 390 584 efficiunt,
445 515 537 567 sed
588 515 784 583 quibus
840 515 1125 583 aliquando
1172 515 1446 568 homicidii
1491 516 1698 568 facinus
1746 515 1823 567 in-

128 589 343 642 feratur.
422 587 481 642 Si
521 587 615 642 Sol
654 589 711 641 in
750 589 932 657 aliquo
974 588 1184 642 cardine
1219 589 1487 658 partiliter
1525 590 1687 643 fuerit
1718 589 1823 642 col-

128 664 350 733 locatUS,
389 667 481 715 aut
514 661 745 716 Saturno
786 666 879 715 aut
911 663 1081 716 Marte
1120 663 1173 716 in
1207 663 1427 716 anafora
1459 664 1573 717 eius
1611 664 1823 733 positis,

130 738 312 790 dexter
367 737 552 790 oculus
611 737 903 790 vitiabitur.
981 736 1039 789 Si
1091 755 1216 790 vero
1278 737 1431 790 Luna
1493 738 1549 790 in
1611 738 1822 790 cardine

127 812 290 864 fuerit
328 811 602 879 collocata,
642 814 695 864 et
733 811 791 863 in
831 811 1048 864 anafora
1087 811 1200 864 eius
1242 810 1505 864 Saturnus
1539 815 1630 864 aut
1661 811 1822 880 MarS,

62 907 104 939 10
128 885 342 938 sinister
381 886 565 938 oculus
604 885 707 938 hoc
743 885 883 937 idem
914 886 1132 954 patitur.
1211 884 1269 937 Si
1299 903 1425 938 vero
1460 884 1554 938 Sol
1587 888 1639 938 et
1670 883 1872 938 Luna6

126 959 329 1028 pariter
375 959 657 1013 constituti
704 960 760 1012 in
813 960 1024 1012 cardine
1085 959 1286 1012 fuerint
1339 960 1567 1028 inventi,
1620 963 1712 1012 aut
1766 960 1822 1012 in

127 1033 349 1086 diversis
388 1033 696 1086 cardinibus
736 1033 984 1087 collocati
1022 1037 1115 1086 aut
1162 1033 1421 1086 diametra
1470 1052 1525 1087 se
1565 1037 1657 1086 aut
1697 1052 1821 1102 qua-

127 1107 277 1159 drata
314 1108 610 1160 radiatione
640 1109 944 1176 respiciant,
984 1111 1037 1160 et
1069 1109 1348 1176 utriusque
1380 1108 1624 1160 anaforas
1657 1108 1710 1160 id
1742 1111 1822 1160 est

129 1179 269 1234 Solis
295 1184 348 1234 et
371 1182 568 1249 Lunae,
592 1181 875 1234 malivolae
900 1182 1226 1251 possideant,
1258 1182 1360 1253 [in]
1386 1182 1628 1251 utrisque
1653 1182 1821 1235 oculis

62 1277 103 1310 15
128 1256 319 1308 vitium
359 1256 587 1309 infertur
627 1256 908 1309 caecitatis,
988 1254 1045 1308 Si
1084 1275 1210 1308 vero
1249 1256 1333 1308 his
1373 1258 1448 1309 sic
1487 1261 1548 1308 ut
1591 1257 1821 1309 diximus
1841 1257 1870 1308 7

126 1331 490 1399 <constitutiS,
538 1330 836 1383 Mercurius
883 1333 976 1382 aut
1026 1331 1083 1381 in
1129 1331 1432 1383 cardinibus
1480 1332 1689 1399 positus
1738 1331 1822 1399 sit,

127 1407 220 1456 aut
258 1404 314 1456 in
352 1404 586 1456 anaforis
627 1408 719 1456 aut
756 1405 811 1456 in
853 1405 1194 1473 epicataforis
1239 1405 1529 1474 cardinum,
1568 1404 1698 1457 facit
1736 1405 1822 1456 de-

126 1478 261 1530 biles
310 1478 550 1547 captivos
599 1478 959 1531 biothanatos
1039 1477 1097 1531 Si
1141 1497 1267 1531 vero
1322 1479 1408 1531 his
1458 1479 1535 1531 sic
1580 1482 1641 1531 ut
1690 1479 1823 1531 dixi-

128 1551 284 1619 mus>
338 1552 640 1620 collocatiS,
693 1551 875 1606 Iovem
931 1551 1192 1605 Saturnus
1247 1553 1332 1605 vel
1385 1553 1530 1605 Mars
1586 1553 1649 1605 de
1702 1553 1821 1606 loco

61 1647 104 1679 20
129 1626 401 1694 superiore
439 1627 706 1695 respiciat,
746 1626 1071 1697 gladiatores
1111 1626 1368 1696 efficient,
1417 1627 1507 1679 sed
1547 1628 1639 1697 qui
1679 1627 1822 1678 dam-

126 1701 240 1752 nati
280 1700 347 1751 ad
384 1701 487 1753 hoc
528 1701 752 1753 exitium
792 1701 1195 1754 transferantur.

276 1774 394 1844 [De
444 1774 689 1827 claudis
737 1779 796 1827 et
843 1774 1277 1844 paralyticis]
1339 1773 1396 1826 Si
1435 1775 1579 1828 Mars
1619 1775 1674 1827 in
1715 1775 1871 1827 car-8

128 1848 249 1900 dine
303 1849 484 1917 aliquo
539 1849 804 1917 partiliter
857 1849 1022 1902 fuerit
1078 1849 1370 1903 collocatus
1379 1892 1392 1918 ,
1450 1852 1502 1902 et
1558 1848 1820 1901 Saturnus

128 1925 220 1974 aut
270 1922 327 1974 in
378 1923 595 1975 anafora
646 1923 760 1975 eius
812 1924 881 1975 sit
932 1927 1023 1975 aut
1073 1924 1129 1975 in
1181 1924 1284 1976 alio
1338 1924 1549 1975 cardine
1599 1925 1822 1990 positus,

63 2017 104 2049 25
130 1998 183 2047 et
222 1996 379 2048 ambo
420 1996 624 2049 Lunam
674 1997 759 2050 vel
809 1997 1067 2065 quadrata
1106 1997 1190 2050 vel
1230 1997 1489 2050 diametra
1527 1998 1822 2049 radiatione

126 2070 434 2138 respiciant,
489 2074 582 2123 aut
628 2071 673 2122 si
721 2089 841 2123 cum
887 2089 995 2123 uno
1044 2072 1281 2139 ipsorum
1331 2071 1387 2122 in
1434 2071 1620 2123 eodem
1668 2072 1820 2141 signo

127 2147 352 2212 aequata
406 2144 476 2196 sit
529 2145 763 2213 partium
819 2145 1072 2198 societate
1128 2146 1435 2212 coniuncta,
1498 2149 1591 2197 aut
1644 2143 1871 2197 claudi9

127 2223 219 2269 aut
268 2217 550 2285 paralytici
600 2219 742 2271 fient.
823 2217 925 2271 Sed
982 2223 1034 2271 et
1088 2219 1132 2270 si
1183 2218 1446 2271 Saturnus
1500 2220 1557 2271 in
1608 2219 1819 2271 cardine

127 2291 197 2343 sit
238 2291 417 2359 aliquo
465 2294 805 2360 constitutus,
856 2293 998 2345 Mars
1046 2310 1171 2345 vero
1219 2294 1276 2345 in
1324 2294 1542 2346 anafora
1589 2292 1701 2346 eius
1750 2293 1818 2345 sit

249 2427 269 2464 1
304 2421 483 2477 positus
516 2423 618 2465 ABb
676 2426 682 2478 Ι
741 2425 822 2466 aut
853 2424 936 2481 κσ]
969 2426 1016 2467 et
1137 2427 1162 2466 3
1197 2423 1286 2466 Sed
1319 2426 1366 2467 et
1397 2437 1479 2467 om.
1514 2426 1553 2467 Δ
1680 2428 1701 2466 7
1738 2422 1817 2466 Sa-

127 2484 262 2524 turno
295 2481 354 2539 N]
388 2480 614 2525 Saturnus
664 2486 669 2539 Ι
727 2482 877 2526 Marte
912 2517 921 2526 .
948 2516 958 2526 .
986 2518 994 2526 .
1028 2482 1195 2539 positis
1228 2484 1269 2539 ζ]
1302 2482 1426 2526 Mars
1461 2517 1470 2526 .
1498 2516 1507 2525 .
1536 2517 1543 2526 .
1577 2483 1758 2539 positus

131 2543 184 2583 10
216 2540 341 2583 idem
371 2541 550 2596 patitur
574 2542 610 2598 ζ]
645 2541 824 2598 patitur
854 2541 980 2586 idem
1005 2544 1043 2586 Δ
1078 2542 1203 2585 idem
1234 2542 1442 2598 patietur
1469 2544 1516 2586 Γ
1633 2547 1684 2585 11
1718 2541 1818 2585 fue·

127 2599 222 2642 rint
252 2599 302 2642 in
335 2599 459 2643 card.
494 2600 678 2643 constit.
712 2602 794 2644 aut
825 2600 874 2643 in
907 2601 997 2645 div.
1031 2601 1155 2644 card.
1188 2601 1366 2645 inventi
1399 2604 1437 2644 Δ
1593 2606 1647 2644 14
1685 2600 1819 2644 mali-

130 2657 259 2702 volae
292 2658 529 2717 <stellae>
563 2672 587 2702 σ
620 2661 954 2704 commendante
992 2662 1199 2705 clausula
1265 2663 1269 2715 Ι
1338 2661 1420 2704 del.
1456 2673 1480 2703 σ
1547 2662 1553 2715 Ι
1621 2663 1819 2714 utroque

129 2717 260 2761 oculo
293 2720 332 2761 A
458 2723 510 2761 15
543 2718 741 2762 infertur
773 2719 938 2762 vitium
970 2722 1009 2762 A
1069 2723 1074 2776 Ι
1133 2732 1253 2763 caeo.
1289 2719 1370 2762 inf.
1405 2732 1430 2762 σ
1553 2724 1606 2762 16
1640 2719 1747 2762 add.
1781 2723 1820 2760 N

190 2781 243 2819 18
276 2776 576 2820 biothonatos
608 2782 647 2819 N
704 2780 709 2833 1
767 2777 856 2835 his]
891 2778 949 2821 iis
981 2783 1019 2820 N
1050 2784 1103 2823 ut
1131 2792 1302 2834 semper
1331 2779 1423 2831 fere
1571 2783 1624 2821 22
1659 2780 1818 2822 lemma

129 2848 211 2879 om.
245 2840 284 2877 N
405 2840 460 2879 24
494 2836 585 2880 alio
622 2837 688 2894 Γ]
729 2837 886 2892 aliquo
919 2839 958 2880 A
1081 2841 1136 2879 26
1169 2851 1260 2881 uno
1294 2851 1377 2880 om.
1411 2840 1488 2879 ΔΒ
1547 2839 1553 2892 1
1612 2836 1819 2892 ipsorum

131 2893 287 2949 aliquo
312 2899 350 2937 A
471 2899 525 2939 28
559 2896 676 2939 fiunt
700 2898 787 2939 ΔΑ
837 2898 842 2951 Ι
894 2895 985 2939 Sed
1009 2899 1056 2940 et
1079 2910 1162 2941 om.
1189 2899 1228 2939 A
1353 2901 1407 2938 29
1442 2895 1503 2939 sit
1528 2897 1605 2940 alt.
1631 2910 1713 2939 om.
1741 2899 1819 2938 AB
