2090 3198
765 125 873 169 V111
903 129 973 180 23,
999 129 1151 180 1-24‚
1177 137 1210 170 ε.
1723 125 1833 178 329

144 264 445 316 roscopum,
492 250 649 299 erunt
698 245 1031 314 obstetrices,
1078 245 1279 298 alienos
1330 245 1472 298 filios
1521 245 1832 298 nutrientes.

146 320 349 382 Quodsi
386 320 539 374 Luna
583 320 642 373 in
678 321 978 389 horoscopo
1017 320 1180 372 fuerit
1218 336 1456 372 crescens
1502 319 1719 387 lumine,
1757 323 1833 372 at-

143 395 467 447 testantibus
505 395 768 448 benivolis
800 394 987 461 stellis,
1017 410 1206 464 regum
1236 394 1321 446 vel
1355 394 1659 462 potentium
1690 393 1832 446 filios

145 469 397 521 nutrient.
473 467 536 521 In
575 471 728 538 parte
759 467 822 521 X.
857 467 1053 520 Leonis
1093 467 1417 536 quicumque
1454 467 1703 520 habuerit
1740 467 1833 520 ho-

101 563 120 597 5
145 561 452 612 roscopum‚
499 543 601 596 erit
625 542 756 595 'dux
799 541 1000 594 nobilis
1049 542 1348 612 sagittator.
1428 540 1486 594 Si
1522 559 1648 594 vero
1687 541 1832 594 Mars

143 615 331 669 horam
362 617 672 686 Lunamque
704 615 914 684 viderit,
952 615 1276 685 gladiatores
1309 619 1479 668 erunt.
1531 636 1559 664 *
1601 635 1627 664 *
1669 636 1694 663 *
1737 637 1763 664 ,κ
1805 636 1830 663 ,ιι

145 710 1831 740 2************************

723 836 918 890 XXIV.
960 836 1250 908 [Viaco]

0 999 1 1012 χ
253 940 316 995 In
360 940 398 995 Ι.
442 941 686 1012 Virginis
736 945 887 1011 parte
943 942 1265 1010 quicumque
1322 941 1571 994 habuerit
1624 942 1961 998 horo-s01-109⁰
1972 957 2019 990 ΙΙ

0 1013 1 1038 ³
78 1039 121 1071 10
146 1034 390 1085 scopum,
437 1016 483 1068 si
530 1016 601 1068 sit
638 1015 792 1068 Luna
836 1015 996 1085 plena
1039 1015 1352 1086 luminibUS,
1396 1016 1483 1068 vel
1521 1015 1567 1068 si
1612 1034 1834 1086 prospe·
1855 1018 1883 1069 1
1960 1068 1962 1070 .

143 1109 262 1143 rum
301 1090 602 1160 horoscopo
634 1089 1002 1142 testimonium
1040 1089 1336 1158 perhibeat,
1376 1091 1477 1143 erit
1514 1108 1710 1161 magna
1739 1109 1834 1143 no-

142 1164 353 1216 bilitate
391 1165 727 1234 perspicuus3
774 1163 876 1217 erit
921 1167 1109 1233 postea
1149 1182 1271 1218 cum
1308 1182 1434 1234 rege
1473 1164 1558 1216 vel
1599 1182 1718 1217 cum
1758 1183 1834 1217 re-

142 1239 283 1308 gina,
334 1239 637 1291 insinuatus
692 1238 886 1291 merito
924 1238 1243 1307 litterarum,
1297 1238 1518 1291 habebit
1569 1238 1833 1308 plurimos

142 1315 200 1366 in
238 1332 333 1366 sua
370 1316 651 1383 potestate.
716 1310 820 1366 Sed
860 1312 905 1364 si
943 1312 1088 1365 Mars
1127 1312 1271 1365 hunc
1315 1313 1603 1366 radiaverit
1638 1314 1835 1382 locum,

78 1407 120 1441 ιε
147 1387 248 1439 erit
288 1387 549 1439 cinaedus,
626 1385 889 1439 Morietur
934 1390 1114 1439 autem
1161 1386 1218 1439 in
1263 1386 1498 1440 humidis
1545 1387 1694 1440 locis.
1770 1386 1834 1440 In

141 1465 291 1530 parte
338 1459 403 1514 H.
450 1459 543 1513 III.
590 1459 681 1514 IV.
722 1459 787 1513 V.
826 1462 914 1514 vel
956 1458 1049 1514 VI.
1087 1459 1330 1531 Virginis
1377 1463 1699 1530 quicumque
1744 1461 1834 1514 ha-

141 1535 356 1588 buerint
392 1535 770 1604 horoscopum,
809 1538 966 1587 erunt
1004 1535 1231 1603 speciosi
1271 1536 1571 1589 sacerdotes
1608 1534 1835 1605 prophe-

142 1613 227 1661 tae
280 1610 593 1679 haruspices
647 1627 842 1680 magna
895 1608 1179 1662 nobilitate
1240 1610 1535 1679 perspicui,
1593 1609 1834 1680 religiosi

141 1686 404 1753 potentes,
434 1683 691 1736 habentes
724 1684 957 1736 maxima
989 1683 1286 1737 divinitatis
1310 1684 1556 1755 insignia.
1595 1683 1660 1736 In
1682 1687 1833 1752 parte
1851 1685 1885 1737 2

76 1780 120 1812 20
142 1755 262 1811 VH.
293 1757 537 1828 Virginis
579 1758 903 1826 quicumque
941 1757 1229 1811 habuerint
1266 1758 1641 1827 horoscopum,
1683 1758 1835 1811 Luna

145 1835 426 1901 crescente,
456 1832 543 1885 vel
573 1832 630 1884 in
659 1831 960 1901 horoscopo
994 1832 1302 1901 constituta,
1330 1835 1486 1885 erunt
1517 1833 1832 1899 sacerdoteS,

143 1906 454 1975 haruspices
502 1906 669 1958 divini
718 1905 959 1976 religiosi
1012 1909 1274 1975 potentes,
1328 1907 1658 1960 adversarios
1713 1924 1832 1960 cum

146 1998 355 2032 summa
392 1980 711 2033 auctoritate
759 1998 967 2049 semper
1013 1981 1392 2050 opprimentes,
1470 1979 1673 2043 Quodsi
1710 1980 1834 2050 Iup·

264 2101 286 2139 1
322 2095 586 2140 obstitrices
609 2102 645 2139 D
677 2096 919 2141 obtritices
941 2101 981 2138 N
1103 2100 1127 2139 3
1160 2096 1280 2140 filios
1305 2110 1467 2154 regum
1491 2097 1565 2140 vel
1588 2098 1833 2152 potentum

147 2155 440 2199 dominorum
470 2158 511 2199 A
577 2157 584 2212 1
650 2156 914 2212 potentium
945 2155 1002 2213 Δ]
1033 2157 1277 2212 potentum
1427 2160 1454 2198 5
1486 2156 1740 2213 sagittator
1770 2157 1831 2214 A]

145 2214 292 2271 sagitt
326 2216 373 2258 Γ
529 2220 554 2258 6
601 2215 763 2259 horam
798 2216 864 2273 Γ]
911 2215 1220 2270 horoscopum
1251 2220 1325 2258 Dv
1370 2215 1705 2272 horoscopante
1735 2220 1775 2258 N
1826 2216 1829 2273 Ι

142 2279 260 2329 spat.
292 2287 387 2317 vac.
418 2275 699 2330 reliquerunt
729 2277 768 2318 Δ
802 2275 855 2318 de
885 2288 968 2318 suo
998 2275 1146 2331 suppl.
1180 2290 1207 2317 a
1360 2278 1384 2317 9
1420 2274 1474 2317 In
1505 2274 1603 2318 eius
1634 2275 1666 2318 Ι.
1699 2276 1834 2331 parte

145 2335 184 2375 Δ
243 2335 251 2388 Ι
306 2332 557 2376 habuerint
580 2335 668 2377 ΔΔ
791 2338 845 2377 10
878 2334 918 2376 si
943 2333 1006 2376 sit
1029 2333 1160 2377 Luna
1183 2334 1230 2391 κ]
1264 2335 1312 2377 et
1334 2333 1396 2378 sit
1418 2334 1467 2377 L.
1495 2338 1529 2376 G
1561 2335 1607 2378 et
1630 2334 1680 2378 L.
1706 2334 1770 2377 sit
1793 2336 1832 2377 Δ

145 2394 194 2435 et
218 2392 256 2435 si
280 2392 330 2435 L.
355 2390 404 2434 A‘
530 2398 581 2436 11
612 2393 919 2449 horoscopum
943 2391 992 2434 A'
1026 2392 1204 2436 horosc.
1231 2397 1265 2435 G
1315 2395 1321 2449 Ι
1370 2392 1630 2449 perhibeat,
1663 2407 1835 2450 magna

144 2451 251 2494 nob.
283 2451 519 2507 perspicui
551 2455 688 2496 erunt
716 2455 881 2508 postea
915 2485 924 2495 .
951 2486 960 2495 .
988 2485 997 2495 .
1030 2451 1257 2495 insinuati
1291 2487 1299 2495 .
1328 2487 1336 2496 .
1364 2487 1373 2496 .
1407 2452 1650 2496 habebunt
1682 2455 1721 2496 Δ

147 2516 202 2554 14
244 2509 294 2552 in
334 2524 418 2553 sua
449 2511 510 2568 A]
553 2510 791 2555 insinuata
827 2514 874 2555 Γ
946 2513 951 2567 Ι
1024 2513 1284 2568 pronuntia
1313 2511 1513 2555 radiarit
1541 2517 1594 2556 ut
1624 2513 1834 2556 clausula

143 2570 228 2624 fiat
283 2571 290 2625 1
346 2568 514 2623 locum,
547 2569 765 2614 cinaedos
797 2570 973 2615 facient
1004 2574 1052 2613 et
1082 2570 1339 2614 morientur
1368 2570 1417 2614 iu
1442 2573 1482 2614 A
1607 2576 1660 2614 15
1692 2571 1745 2614 In
1777 2597 1832 2603 —

148 2633 201 2671 17
243 2628 553 2684 horoscopum
585 2631 624 2672 A
658 2630 768 2686 (nisi
798 2631 917 2686 quod
947 2630 1189 2673 habebunt
1212 2644 1302 2685 pro
1333 2630 1585 2673 habuerint
1614 2631 1835 2683 exhibent,

145 2693 186 2732 et
216 2687 424 2744 Virginis
456 2701 540 2731 om.
572 2689 644 2746 D)]
687 2688 741 2731 In
771 2688 826 2733 11.
859 2689 986 2745 Virg.
1020 2691 1153 2745 parte
1185 2689 1304 2744 quic.
1338 2688 1590 2732 habuerint
1619 2689 1835 2733 horosco-

143 2761 257 2803 pum
304 2748 386 2801 (sic
417 2751 471 2790 G:
503 2746 681 2791 horosc.
714 2747 933 2792 habuerit
962 2750 1016 2804 Δ)
1063 2747 1138 2791 vel
1185 2748 1234 2790 in
1267 2748 1321 2792 V.
1368 2749 1440 2791 vel
1481 2747 1531 2791 in
1562 2748 1636 2791 VI.
1675 2750 1721 2791 Γ

146 2810 201 2849 18
234 2811 274 2850 et
306 2810 360 2848 22
394 2806 629 2862 aruspices
661 2811 698 2848 A
745 2806 1014 2862 auruspices
1047 2809 1086 2850 A
1242 2811 1295 2849 19
1329 2807 1424 2851 VH.
1461 2807 1512 2850 V.
1545 2822 1590 2863 p.
1627 2810 1673 2850 Γ
1697 2813 1738 2850 et
1768 2808 1835 2851 sic

136 2878 223 2920 per
254 2870 395 2909 totum
426 2870 564 2921 caput
708 2870 763 2909 20
795 2866 926 2909 Luna
958 2867 1194 2910 crescente
1225 2868 1283 2922 N]
1316 2867 1550 2910 crescente
1582 2866 1714 2909 Luna

146 2927 200 2965 22
235 2936 413 2967 summa
445 2938 550 2967 cum
582 2926 621 2967 A
