2066 3192
251 134 320 187 36
977 132 1204 178 FIRMICI

159 253 442 321 21facere‚
489 254 592 322 ipsi
639 253 908 307 facillimis
956 252 1254 306 rationibus
1304 252 1570 322 conplent.
1647 252 1938 305 Habebunt

248 328 407 380 etiam
453 327 714 396 plurimos
760 329 952 381 fratres
1000 330 1092 380 aut
1139 345 1204 379 ex
1249 326 1355 378 alio
1401 330 1553 395 patre
1599 331 1692 379 aut
1731 345 1795 379 ex
1834 326 1938 379 alia

246 405 438 470 matre,
484 401 575 454 sed
622 405 778 454 erunt
823 402 888 454 ab
938 402 1085 454 omni
1131 401 1391 453 affinitate
1436 401 1704 468 melioreS,
1750 403 1936 470 poten-

246 475 482 527 tissimae
529 476 807 545 dignitatis
855 476 1029 546 gratia
1075 475 1354 527 sublevati.
1432 474 1607 527 Erunt
1654 493 1779 528 sane
1825 493 1935 528 cor-

246 549 507 602 datissimi
552 551 955 620 peregrinorum
1003 549 1208 602 inimici
1255 549 1495 601 iracundi
1535 549 1662 602 boni
1701 550 1936 602 benivoli
1983 571 2002 604 5

246 624 403 694 docti,
429 627 481 676 et
505 624 597 692 qui
622 623 985 693 incorruptam
1015 623 1175 676 fidem
1212 622 1268 675 in
1293 623 1539 676 omnibus
1573 624 1936 677 contractibus

191 718 195 720 ·
245 701 468 766 servent,
500 698 630 751 boni
670 699 896 767 consilii,
934 698 1131 768 integri
1171 700 1224 750 et
1262 697 1559 766 incorrupti
1590 698 1772 764 animi,
1803 697 1937 750 mul-

243 776 424 824 torum
471 772 645 844 amici,
695 775 748 825 et
796 773 887 841 qui
935 773 1114 825 omnia
1162 770 1504 825 validissimis
1556 772 1761 824 viribus
1817 789 1936 824 con-

243 847 439 915 pleant.
517 846 808 899 Habebunt
848 865 972 900 sane
1011 847 1068 898 in
1115 845 1343 915 quadam
1391 849 1540 915 parte
1587 846 1825 916 corporis
1865 845 1936 898 ci-

245 922 507 987 catricem,
559 925 611 973 et
663 921 1004 974 sustinebunt
1054 921 1264 972 assidue
1314 920 1546 974 iacturas
1598 920 1936 990 dignitatum,
1961 944 2004 976 10

243 998 305 1046 ut
348 996 654 1064 frequenter
701 1014 765 1048 ex
813 995 923 1048 alto
974 995 1251 1066 dignitatis
1295 995 1465 1065 gradu
1504 994 1684 1063 aliqua
1722 994 1936 1047 humili-

244 1069 370 1122 tatis
423 1069 716 1122 deiectione
765 1069 1015 1123 labantur
1065 1089 1274 1119 *****
1325 1069 1486 1121 fuerit
1535 1070 1830 1139 ingressuS,
1879 1071 1935 1121 in

156 1144 226 1195 22
245 1162 350 1212 quo
393 1162 512 1196 eum
554 1145 785 1197 diximus
831 1144 1067 1212 pericula
1113 1143 1403 1196 decernere.
1481 1143 1771 1196 Habebunt
1810 1161 1936 1196 sane

245 1218 601 1271 substantiam
641 1237 706 1271 ex
737 1218 909 1271 aliena
941 1217 1044 1270 sibi
1075 1218 1362 1288 largitione
1396 1220 1660 1287 collatam,
1701 1218 1792 1271 sed
1822 1221 1939 1270 tan-

244 1295 355 1344 tam
398 1297 460 1344 ut
499 1293 726 1345 aliorum
764 1293 974 1362 possint
1005 1293 1279 1362 angustias
1312 1292 1599 1345 sublevare.
1669 1291 1844 1344 Erunt
1875 1292 1936 1344 li·
1961 1314 2001 1347 15

243 1367 492 1419 berorum
549 1367 874 1435 defensores,
935 1367 1306 1419 laborantibus
1360 1366 1670 1419 hominibus
1726 1385 1937 1434 semper

242 1442 540 1510 patrocinia
581 1442 989 1495 commodantes,
1062 1440 1166 1493 Sed
1205 1459 1325 1492 cum
1365 1441 1496 1494 haec
1527 1441 1706 1494 omnia
1735 1440 1936 1492 fuerint

245 1515 503 1584 adsecuti,
541 1516 789 1586 longaevi
830 1517 1148 1583 morientur,
1188 1517 1242 1567 et
1282 1516 1460 1567 anima
1499 1533 1679 1567 eorum
1722 1515 1788 1566 ad
1826 1533 1936 1567 eae-

242 1590 352 1641 lum
396 1590 495 1643 diis
536 1590 804 1658 applicata
843 1589 1108 1642 transibit.
1187 1588 1448 1642 Saturnus
1489 1590 1630 1642 enim
1669 1590 1726 1641 in
1756 1589 1934 1641 Leone

58 1676 254 1719 fol-61²7!
275 1664 486 1732 positus
526 1665 728 1716 animas
768 1683 953 1717 eorum
994 1666 1086 1732 qui
1127 1665 1202 1716 sic
1243 1682 1298 1715 se
1336 1663 1624 1716 habuerint
1674 1663 1730 1715 in
1779 1666 1936 1730 terra,
1960 1685 2002 1717 20

243 1739 533 1790 innumeris
574 1739 838 1808 angustiis
877 1739 1130 1791 liberatas
1170 1738 1235 1790 ad
1268 1738 1471 1791 caelum
1513 1741 1566 1790 et
1604 1738 1671 1791 ad
1711 1737 1934 1807 originis

243 1831 367 1865 suae
406 1813 697 1880 primordia
736 1816 964 1865 revocat.

154 1888 223 1939 23
356 1885 694 1956 [Saturnus
738 1887 803 1939 in
841 1886 1151 1956 Virgine]
1231 1885 1544 1955 Quicunque
1591 1885 1647 1938 in
1686 1886 1934 1956 genitura

244 1959 531 2013 Saturnum
572 1962 628 2012 in
662 1960 887 2030 Virgine
926 1960 1225 2028 habuerint,
1265 1960 1321 2012 in
1359 1961 1534 2030 prima
1565 1963 1737 2013 aetate
1770 1960 1936 2030 aegri-

242 2035 453 2087 tudines
494 2039 546 2088 et
590 2036 725 2088 vitae
764 2036 1039 2104 patientur
1075 2035 1433 2103 incommoda,
1483 2035 1572 2088 sed
1611 2038 1740 2086 tunc
1778 2034 1933 2090 malis
1959 2055 2001 2088 25

241 2110 553 2162 fortioribus
609 2110 957 2179 inplicantur,
1011 2126 1131 2161 cum
1186 2109 1251 2160 ad
1293 2107 1675 2178 Capricornum
1728 2107 1814 2161 vel
1869 2108 1935 2159 ad

243 2183 476 2235 Taurum
518 2182 780 2236 Saturnus
827 2184 1114 2236 transitum
1161 2183 1371 2250 fecerit,
1416 2184 1501 2236 vel
1541 2201 1660 2236 cum
1702 2181 1935 2250 duplicia

362 2349 386 2386 3
414 2343 471 2386 ab
498 2345 580 2388 del.
608 2360 634 2386 a
657 2345 734 2388 sed
759 2346 815 2399 ef.
835 2345 970 2389 Kroll
1010 2346 1129 2389 Mus.
1150 2345 1293 2390 Rhen.
1314 2345 1423 2388 LII
1441 2347 1531 2388 588
1574 2348 1579 2396 Ι
1622 2343 1835 2387 meliores
1865 2343 1928 2399 Γ]

242 2403 496 2446 mediocres
515 2406 554 2446 Δ
656 2409 681 2446 5
708 2403 932 2462 <suorum
957 2403 1039 2462 et>
1058 2418 1235 2460 peregr.
1261 2420 1288 2447 κ
1396 2407 1421 2445 6
1454 2403 1722 2458 incorrupta
1746 2402 1837 2446 fide
1864 2437 1872 2445 .
1893 2435 1929 2444 ..

243 2462 442 2505 servient
474 2477 585 2506 corr.
616 2465 639 2514 ζ
669 2463 892 2518 (serviant
914 2467 953 2504 N
985 2466 1226 2506 serventur
1249 2464 1300 2518 D)
1415 2467 1441 2506 8
1475 2462 1725 2518 conpleant
1749 2462 1790 2519 σ]
1827 2475 1932 2505 con-

242 2521 424 2564 tineant
457 2523 609 2576 (-nent
639 2524 693 2577 N)
818 2526 869 2564 11
904 2523 957 2564 ut
984 2523 1088 2579 ΓΒ]
1123 2524 1170 2565 et
1192 2525 1231 2563 R
1258 2523 1265 2577 Ι
1293 2523 1340 2564 et
1372 2536 1426 2564 ex
1462 2523 1508 2565 Γ
1624 2526 1677 2564 12
1710 2520 1934 2564 labuntur

243 2582 327 2623 AA
358 2582 363 2635 Ι
401 2581 482 2624 lac.
508 2586 611 2624 stat.
643 2584 684 2634 ζ,
717 2582 886 2625 eaecidit
915 2581 1036 2624 velut
1067 2581 1148 2624 sed
1179 2582 1291 2623 tuno
1324 2579 1439 2623 haec
1470 2579 1596 2623 mala
1627 2579 1793 2623 fortius
1827 2593 1932 2623 con-

242 2638 495 2694 valescunt,
541 2653 645 2682 oum
688 2640 736 2682 in
779 2639 875 2683 tale
918 2639 1102 2696 signum
1139 2639 1362 2682 Saturnus
1402 2641 1407 2695 Ι
1446 2639 1494 2681 111
1534 2652 1624 2695 que
1655 2652 1766 2683 corr.
1793 2641 1817 2690 ζ

246 2703 298 2741 13
333 2711 436 2740 eum
469 2701 508 2742 Δ
544 2702 666 2753 (oum
698 2700 770 2756 NJ]
806 2699 931 2741 enim
966 2701 1040 2754 ΓΙ
1070 2700 1157 2756 leye
1189 2697 1365 2754 pericla
1518 2703 1570 2741 19
1605 2697 1814 2754 applicat
1846 2699 1885 2739 Δ
1924 2699 1927 2753 ξ

242 2757 462 2800 transibit
486 2772 570 2801 om.
586 2760 624 2800 A
670 2760 675 2813 1
719 2757 970 2801 Saturnum
988 2760 1027 2800 A
1136 2763 1192 2800 20
1218 2757 1422 2813 positum
1441 2759 1480 2799 A
1597 2762 1651 2800 22
1677 2754 1932 2812 primordia

243 2816 434 2871 originis
464 2829 572 2859 suae
598 2820 622 2867 ζ
675 2838 680 2844 ·
735 2822 789 2858 23
815 2818 975 2860 lemma
1000 2831 1082 2860 om.
1103 2819 1141 2859 A
1260 2820 1315 2858 24
1347 2816 1566 2858 habuerit
1590 2818 1716 2858 AGO
1746 2817 1752 2869 Ι
1780 2814 1931 2870 aegri-

242 2875 417 2917 tudinis
449 2890 559 2919 corr.
587 2880 611 2926 ζ
752 2880 806 2918 25
841 2877 887 2919 et
919 2890 1000 2918 om.
1029 2878 1066 2918 A
1101 2876 1331 2931 (vitaeque
1354 2877 1410 2931 N)
1454 2881 1458 2929 ι
1501 2875 1707 2930 patietur
1738 2877 1811 2915 Bo

244 2938 298 2975 26
333 2933 600 2989 Capricorni
629 2937 667 2977 A
791 2940 844 2977 27
879 2934 1019 2977 Tauri
1046 2935 1229 2990 signum
1256 2936 1294 2976 A
1326 2935 1331 2990 ξ
1360 2933 1584 2976 Saturnus
1608 2946 1692 2977 om.
1712 2935 1750 2975 A
