2084 3192
804 135 890 180 VH
921 140 992 191 25,
1008 148 1146 180 8—14.
1710 136 1818 189 273

129 256 429 327 horoscopo
468 257 632 311 fuerit
676 258 914 326 inventa,
962 259 1015 308 et
1055 254 1148 308 Sol
1195 256 1266 308 sit
1310 257 1367 309 in
1404 255 1522 310 XII.
1562 257 1627 309 ab
1666 257 1822 310 horo·

132 349 296 401 scopo
349 333 468 386 loco
522 331 752 401 positus,
804 330 1164 398 horoscopum
1211 348 1338 384 vero
1387 329 1648 388 Saturnus
1696 349 1830 399 qua-⁴

131 405 284 459 drata
329 405 413 460 vel
458 405 715 458 diametra
760 404 1056 459 radiatione
1108 403 1383 472 respiciat,
1436 406 1610 474 gallos
1662 404 1823 458 faciet

131 479 366 534 abscisos
398 478 659 547 cinaedOS,
691 477 783 531 sed
812 482 944 533 tunc
975 477 1021 530 si
1053 479 1302 533 omnibus
1334 478 1472 531 desit
1501 477 1644 532 Iovis
1675 480 1824 531 testi-

69 576 104 608 «ε
130 555 385 607 monium.
462 551 521 606 Si
551 552 735 606 Venus
774 555 827 604 et
860 551 1122 605 Saturnus
1162 555 1254 605 aut
1286 552 1448 605 simul
1484 553 1699 622 fuerint,
1729 555 1823 606 aut

131 628 391 695 quadrata
450 645 507 680 se
565 626 863 680 radiatione
923 627 1279 695 respexerint,
1340 629 1433 678 aut
1496 627 1604 680 sint
1659 626 1824 679 radiis

131 700 273 754 Solis
312 700 577 768 absconsi,
623 703 677 753 et
717 701 858 768 (sit)
895 699 1048 752 Luna
1092 700 1150 752 in
1195 700 1467 754 femininis
1516 701 1683 772 signis
1728 719 1822 770 po·

132 776 255 844 sita,
299 775 600 844 horoscopo
638 775 699 828 in
733 774 993 830 feminino
1034 774 1189 844 signo
1219 775 1515 843 collocato,
1562 774 1790 828 latentes
1806 786 1990 831 sol-99⁷1

131 849 378 902 cinaedos
411 850 665 902 efficiunt.
722 847 780 901 Si
810 866 936 902 vero
970 847 1233 902 Saturnus
1265 851 1319 901 et
1348 847 1532 901 Venus
1564 849 1622 901 in
1651 853 1822 902 matu-
1842 849 1909 901 13

63 947 107 979 ιο
131 924 244 976 tino
285 927 407 976 ortu
451 923 651 976 fuerint
697 922 971 992 collocati,
1025 923 1232 976 faciunt
1285 924 1342 976 in
1388 923 1492 976 ista
1537 923 1822 976 libidinum

129 997 250 1050 labe
290 997 567 1066 publicari.
646 996 704 1050 Si
738 1015 864 1050 vero
896 986 1042 1050 Mars
1081 998 1139 1049 in
1176 999 1481 1066 vespertino
1522 999 1646 1050 ortu
1683 997 1823 1065 posi—

130 1075 239 1142 tus⁷
278 1073 535 1141 quadrata
572 1071 694 1124 illos
732 1073 819 1125 vel
869 1071 1129 1124 diametra
1173 1071 1468 1124 radiatione
1514 1071 1821 1140 respexerit,

130 1145 374 1214 publicos
421 1145 665 1199 cinaedos
720 1144 931 1198 efficiet.
1009 1144 1066 1197 Si
1119 1163 1244 1198 vero
1299 1146 1385 1198 his
1441 1145 1518 1198 sic
1572 1145 1820 1197 omnibus

130 1220 269 1273 sicut
306 1219 539 1274 diximus
579 1219 859 1289 ordinatis,
908 1219 1054 1273 Mars
1092 1220 1149 1271 in
1187 1220 1493 1272 cardinibus
1542 1219 1706 1272 fuerit
1744 1219 1821 1271 in—

63 1317 106 1350 15
131 1297 336 1363 ventuS,
375 1293 547 1364 gallos
584 1294 746 1346 faciet
780 1294 1028 1347 abscisos
1109 1292 1167 1346 Si
1197 1312 1324 1347 vero
1362 1294 1525 1347 fuerit
1563 1293 1822 1346 feminina

130 1368 397 1439 genitura,
451 1372 507 1421 et
555 1367 656 1422 hae
702 1386 884 1422 omnes
939 1369 1125 1421 stellae
1179 1369 1257 1420 sic
1303 1369 1443 1421 sicut
1487 1367 1718 1421 diximus
1764 1368 1822 1421 in

128 1442 438 1496 masculinis
478 1442 647 1512 signis
685 1442 887 1494 fuerint
932 1442 1247 1510 collocatae,
1290 1442 1637 1496 libidinosam
1687 1442 1822 1494 vira-

129 1517 310 1587 ginem
362 1517 579 1570 faciunt.
658 1515 987 1569 Generaliter
1040 1535 1165 1569 sane
1220 1517 1265 1568 si
1314 1516 1466 1570 Luna
1520 1520 1573 1570 et
1620 1515 1715 1569 Sol
1768 1519 1822 1570 et
1840 1514 1911 1567 14

128 1590 459 1658 horoscopus
507 1591 563 1643 in
604 1589 926 1659 Capricorno
974 1591 1061 1643 vel
1105 1591 1163 1643 in
1200 1590 1384 1644 Ariete
1423 1590 1508 1644 vel
1547 1591 1605 1643 in
1642 1590 1820 1643 Tauro

62 1688 104 1720 80
128 1666 213 1718 vel
250 1667 307 1718 in
345 1665 524 1718 Leone
561 1664 785 1733 fuerint,
822 1664 900 1717 ita
936 1667 1000 1717 ut
1038 1665 1095 1717 in
1139 1665 1274 1717 facie
1315 1664 1604 1718 eorundem
1644 1664 1819 1735 signo-

128 1758 247 1792 rum
287 1740 397 1792 sint
441 1742 535 1791 aut
573 1739 630 1791 in
676 1739 848 1807 dorSO,
887 1740 1127 1792 omnium
1166 1738 1453 1792 libidinum
1499 1739 1821 1807 inpuritates

129 1831 250 1867 cum
311 1817 548 1866 extrema
609 1813 845 1882 corporis
907 1813 1303 1866 effeminatione
1365 1813 1668 1866 decernunt.
1755 1811 1822 1866 In

130 1888 277 1941 omni
315 1888 561 1957 genitura
599 1887 645 1940 si
677 1887 828 1941 Luna
867 1887 925 1940 in
956 1888 1123 1940 cauda
1153 1887 1349 1941 Leonis
1389 1887 1551 1940 fuerit
1589 1887 1822 1954 inventa,

129 1962 379 2015 cinaedos
425 1961 646 2030 efficiet,
697 1962 882 2014 matris
930 1962 1151 2014 deorum
1198 1962 1469 2031 tympanis
1517 1961 1818 2015 servientes.

62 2058 105 2092 ιο
131 2034 189 2088 Si
225 2053 351 2088 vero
391 2035 448 2087 in
484 2035 621 2089 facie
660 2035 855 2089 Leonis
895 2035 981 2088 vel
1018 2036 1076 2087 in
1112 2036 1247 2089 facie
1289 2035 1600 2103 Capricorni
1639 2036 1725 2088 vel
1763 2035 1820 2087 in

129 2110 263 2162 facie
301 2108 498 2162 Arietis
547 2110 630 2162 vel
667 2110 725 2162 in
770 2108 905 2162 facie
944 2108 1108 2161 Tauri
1153 2110 1315 2162 fuerit
1361 2110 1600 2178 inventa,
1639 2112 1692 2160 et
1747 2108 1820 2165 fe-

130 2183 302 2236 minas
341 2186 396 2236 et
432 2183 575 2235 viros
621 2183 689 2235 ad
727 2183 907 2235 omnia
952 2183 1262 2251 inpuritatis
1301 2184 1434 2236 vitia
1484 2183 1818 2252 praecipitat.

249 2348 274 2386 2
307 2343 590 2400 horoscopus
617 2356 724 2386 vero
750 2342 999 2386 Saturnum
1028 2345 1075 2387 Γ
1159 2349 1187 2387 4
1211 2343 1441 2388 abscissos
1459 2346 1498 2386 Δ
1594 2349 1619 2386 5
1645 2344 1710 2401 et]
1737 2345 1820 2387 aut

130 2407 212 2445 An
316 2407 341 2446 6
368 2404 450 2446 aut
473 2403 566 2447 sint
590 2403 629 2460 ζ]
656 2404 739 2446 aut
762 2402 848 2446 sub
873 2405 912 2446 A
941 2417 969 2448 a
992 2406 1025 2445 B
1050 2417 1133 2447 om.
1160 2402 1257 2445 A'o
1358 2407 1381 2446 7
1416 2402 1632 2446 absconsi
1656 2403 1708 2460 A]
1738 2402 1818 2446 ab·

130 2461 307 2506 sconsis
333 2467 404 2504 Gv
427 2462 675 2505 absconsos
692 2465 725 2504 B
750 2461 974 2506 absconso
999 2464 1039 2505 Δ
1080 2463 1087 2520 Ι
1133 2465 1181 2506 et
1195 2462 1329 2506 Luna
1351 2461 1467 2520 A'G]
1494 2475 1599 2506 vero
1625 2464 1671 2505 et
1688 2461 1820 2505 Luna

130 2525 163 2563 B
195 2521 328 2565 Luna
357 2534 463 2564 vero
488 2523 527 2564 A
580 2524 585 2577 Ι
635 2521 741 2565 add.
767 2536 794 2564 a
843 2523 850 2578 Ι
898 2522 1055 2577 posita
1078 2522 1127 2580 v]
1151 2521 1295 2578 positi
1319 2526 1401 2564 AG
1423 2522 1574 2577 posite
1598 2525 1631 2564 B
1652 2521 1818 2576 positis

130 2583 170 2625 A
266 2586 290 2624 9
308 2580 540 2624 matutino
562 2581 627 2637 Γ]
645 2579 869 2624 feminino
885 2583 925 2624 A
1014 2586 1066 2624 11
1085 2594 1194 2626 vero
1211 2595 1294 2625 om.
1314 2583 1353 2624 A
1443 2585 1496 2623 13
1515 2580 1581 2623 sic
1597 2580 1670 2622 his
1680 2594 1818 2636 prae·

129 2644 223 2684 stat
314 2644 367 2682 15
386 2640 612 2683 abscissos
631 2641 669 2682 A
781 2643 835 2682 16
853 2639 920 2683 sic
936 2653 1019 2684 om.
1038 2642 1077 2683 A
1090 2644 1123 2682 B
1233 2645 1285 2683 17
1304 2638 1560 2683 masculino
1579 2639 1713 2695 signo
1730 2641 1769 2682 A
1808 2639 1814 2698 Ι

130 2698 305 2742 fuerint
335 2713 418 2743 om.
452 2702 530 2741 AB
563 2703 668 2742 ante
697 2697 748 2741 in
771 2712 882 2755 pon.
918 2703 989 2741 Gv
1052 2699 1058 2757 Ι
1114 2699 1375 2756 viraginem
1408 2699 1496 2755 Ga]
1531 2698 1759 2754 virginem

133 2763 187 2801 18
220 2760 267 2801 et
291 2757 367 2802 Sol
394 2759 441 2802 et
465 2772 547 2801 om.
573 2763 608 2799 D
640 2757 719 2800 Sol
742 2759 790 2800 et
814 2757 945 2800 Luna
974 2762 1014 2799 N
1106 2763 1161 2802 20
1193 2758 1314 2802 faeie
1338 2759 1427 2815 Bv]
1453 2757 1622 2800 faciem
1668 2759 1673 2814 Ι
1724 2757 1818 2800 sint

131 2817 382 2861 eorundem
399 2817 637 2873 signorum
653 2818 692 2859 A
786 2821 841 2860 23
860 2816 900 2860 si
909 2822 1014 2872 post
1031 2817 1197 2861 Leonis
1217 2831 1325 2873 pon.
1345 2820 1383 2860 A
1404 2831 1486 2861 om.
1514 2820 1547 2858 B
1639 2821 1695 2859 24
1718 2830 1817 2859 ma-

130 2876 192 2919 tri
216 2879 240 2928 ζ
279 2879 284 2930 Ι
326 2876 561 2932 tympanis
591 2876 752 2931 (possis
782 2880 824 2919 et
855 2875 1099 2932 cymbalis)
1125 2877 1165 2933 ζ]
1199 2875 1489 2932 cyppahapis
1519 2877 1565 2919 Γ
1589 2877 1817 2931 tympana

130 2939 170 2976 R
200 2935 413 2991 timpana
436 2940 471 2977 D
522 2936 527 2992 Ι
577 2935 848 2992 servientes]
880 2934 1119 2991 pulsantes
1142 2940 1182 2978 N
1303 2940 1357 2978 27
1390 2934 1706 2990 praecipitant
1732 2938 1816 2976 An

220 3017 428 3059 mecus,
451 3017 535 3049 edd.
560 3017 717 3058 Kroll,
742 3017 949 3049 Skutsch
973 3019 1011 3048 et
1034 3017 1235 3058 Ziaglar.
1260 3018 1311 3049 11.
1494 3012 1548 3051 18
