2066 3192
0 0 13 60 *Z—

839 161 881 206 V
915 166 955 217 1,
980 174 1094 207 2—0.
1782 162 1816 214 5

131 284 337 337 satione
399 283 656 352 decernit,
711 286 804 335 aut
858 284 915 335 in
967 282 1200 352 publicis
1255 281 1465 334 actibus
1521 282 1815 334 constituit.

129 357 252 410 Erit
283 360 461 410 autem
493 357 635 410 vitae
667 375 732 409 ex
764 357 992 426 quadam
1025 357 1404 425 inaequalitate
1435 355 1726 423 mutabilia
1756 358 1818 408 ut

129 431 416 485 felicitates
467 449 648 484 omnes
695 449 906 501 semper
951 429 1239 484 infelicitas
1288 429 1659 498 subsequatur,
1695 447 1818 498 pro-

130 506 411 576 speritates
441 505 813 576 infortunium,
836 508 899 558 ut
922 523 987 558 ex
1011 504 1273 558 altissimo
1304 504 1584 575 dignitatis
1617 504 1786 575 gradu
1803 521 1870 560 sot·
1880 515 1944 551 ⁵⁵0
1953 519 1994 551 11

87 603 106 635 5
132 580 198 632 ad
238 580 482 633 infimum
514 579 710 632 caduca
740 579 1048 632 humilitate
1079 582 1371 632 revocetur.
1432 577 1574 631 Nam
1604 596 1817 631 omnem

133 655 247 707 eius
293 652 593 708 claritatem
639 653 869 706 invidiae
915 653 1054 706 livor
1098 653 1378 723 inpugnat,
1419 654 1732 722 praesertim
1772 652 1819 704 si

130 727 489 797 horoscopum
528 726 771 797 Iuppiter
810 728 873 780 de
910 729 1125 798 trigono
1165 746 1276 781 non
1306 726 1517 794 viderit,
1554 726 1639 778 vel
1680 726 1726 778 si
1762 726 1817 778 in

133 821 194 856 eo
248 820 358 855 non
418 802 608 872 fuerit3
669 805 801 856 tunc
854 802 993 854 enim
1057 801 1188 854 haec
1248 802 1390 854 mala
1445 801 1640 853 fortius
1697 818 1818 853 con-

131 876 418 929 valescunt.
495 874 726 938 Quartus
781 876 883 928 erit
937 875 1094 928 cardo
1141 874 1309 944 IMC.;
1363 876 1408 928 is
1471 876 1574 927 erit
1634 874 1818 927 Ariete
1842 873 1876 927 5

67 975 106 1008 ιο
129 950 520 1019 horoscopante
583 968 792 1020 semper
853 951 910 1003 in
972 949 1190 1003 Cancro.
1288 949 1470 1002 Faciet
1532 948 1703 1002 claros
1765 951 1819 1001 et

128 1043 444 1078 coronarum
494 1025 680 1077 infulis
732 1025 1032 1093 adornatos,
1086 1027 1139 1077 et
1192 1025 1540 1078 decernentur
1594 1023 1669 1076 eis
1716 1026 1818 1076 sta-

127 1102 250 1152 tuae
296 1100 498 1169 pariter
544 1102 597 1151 et
642 1100 920 1170 imagineS,
975 1099 1020 1152 si
1058 1099 1223 1151 istum
1261 1098 1434 1151 locum
1478 1096 1724 1167 Iuppiter
1761 1100 1817 1150 in

126 1173 426 1243 horoscopo
473 1174 796 1226 constitutus
842 1173 1151 1242 respexerit,
1200 1172 1283 1225 vel
1329 1172 1374 1225 si
1426 1173 1483 1225 in
1528 1173 1647 1241 ipso
1694 1173 1815 1225 loco

0 1299 7 1310 ,
126 1234 290 1301 fuerit
328 1248 591 1300 inventus.
654 1247 830 1300 Erunt
877 1249 925 1301 ei
973 1248 1189 1316 quidam
1230 1266 1293 1300 ex
1334 1247 1586 1299 affinibus
1636 1246 1816 1300 adver-

0 1316 11 1340 ''
62 1347 104 1380 15
129 1322 255 1375 sarii
294 1325 514 1391 propter
552 1339 608 1374 se
647 1323 734 1375 vel
771 1325 991 1391 propter
1027 1321 1384 1374 necessarium
1425 1321 1528 1374 sibi
1568 1322 1836 1390 aliquem(

129 1395 250 1449 Erit
280 1396 508 1449 intonsis
541 1397 769 1449 crinium
802 1397 1049 1450 sordibus
1082 1396 1370 1465 squaliduS,
1396 1399 1450 1449 et
1482 1396 1583 1448 erit
1608 1413 1818 1464 semper

125 1471 544 1524 necessariorum
600 1470 927 1523 abundantia
981 1471 1245 1539 copiosuS,
1299 1470 1612 1539 praesertim
1668 1470 1711 1522 si
1758 1469 1815 1521 in

128 1563 465 1614 quocumque
487 1544 774 1614 horoscopi
798 1545 1073 1598 cardinum
1098 1543 1342 1614 Iuppiter
1364 1545 1528 1597 fuerit
1551 1545 1813 1596 inventus.

238 1619 676 1689 [Horoscopus
716 1620 780 1672 in
812 1619 1058 1688 Tauro]
1109 1618 1166 1672 Si
1196 1619 1527 1688 horoscopus
1559 1619 1616 1670 in
1639 1618 1813 1671 Tauro
1840 1618 1873 1671 6

5 1689 12 1695 ⁶
62 1719 104 1751 ιο
126 1694 291 1746 fuerit
329 1695 594 1762 inventuS,
633 1693 820 1746 multis
867 1693 1111 1747 laborum
1160 1693 1652 1746 continuationibus
1695 1693 1816 1745 fati-

127 1768 357 1838 gabitur,
397 1771 450 1821 et
489 1768 744 1837 quicquid
783 1768 838 1820 in
879 1768 1053 1836 prima
1085 1771 1257 1821 aetate
1288 1768 1454 1820 fuerit
1485 1771 1816 1836 consecutuS,

128 1860 337 1912 semper
375 1841 590 1895 amittit.
655 1841 759 1895 Sed
805 1845 994 1911 postea
1035 1843 1177 1910 quod
1218 1843 1480 1910 amiserat,
1519 1859 1637 1894 cum
1669 1841 1814 1894 laeti-

127 1915 233 1968 tiae
280 1918 581 1969 cumulatur
620 1920 924 1987 augment0‚
971 1919 1025 1969 et
1070 1916 1295 1968 habebit
1333 1917 1502 1969 bonae
1542 1915 1814 1969 felicitatis

126 2032 271 2076 vitam
303 2032 441 2077 domo
480 2033 658 2089 regiam
691 2037 807 2075 CDE
901 2031 926 2093 ΙΙ
1022 2038 1043 2076 1
1078 2031 1323 2077 constituit
1351 2039 1604 2089 suspectum
1632 2037 1817 2089 propter

127 2093 377 2137 clausulam
404 2093 709 2136 constitutam
732 2109 759 2135 κ
852 2096 877 2135 2
904 2093 1061 2135 autem
1090 2092 1156 2150 Γ]
1182 2094 1338 2136 tamen
1357 2095 1444 2136 AG
1473 2092 1477 2151 Ι
1507 2091 1603 2135 vita
1625 2093 1693 2137 vel
1715 2091 1815 2135 vita

127 2151 226 2194 eius
258 2165 283 2194 σ
319 2152 322 2209 1
357 2151 597 2206 inaequali
627 2153 763 2208 parte
794 2166 905 2196 corr.
924 2168 951 2194 κ
1075 2155 1099 2194 3
1131 2151 1458 2208 prosperitatis
1490 2155 1695 2194 BCGNO

132 2215 159 2253 4
199 2209 426 2254 altissimo
463 2213 509 2255 Γ
535 2214 647 2266 (-me
681 2211 752 2269 G)]
789 2210 956 2254 ultimo
989 2213 1028 2254 Δ
1064 2210 1243 2267 (altimo
1278 2213 1322 2266 c)
1462 2215 1487 2253 5
1528 2223 1712 2254 omnem
1751 2213 1815 2267 (et

125 2283 307 2313 omnem
333 2272 384 2326 G)
410 2270 509 2313 eius
538 2270 604 2328 Γ]
638 2283 770 2314 omne
795 2270 960 2314 melius
985 2271 1069 2327 (vel
1090 2269 1264 2314 nullius
1295 2270 1363 2314 vel
1393 2270 1443 2313 in
1472 2269 1617 2326 illius)
1643 2272 1683 2313 A

126 2333 151 2372 6
177 2328 469 2373 alacritatem
493 2329 590 2372 A'G
617 2329 624 2389 Ι
651 2330 897 2387 impugnet
927 2331 970 2373 Γ
1047 2333 1074 2372 8
1100 2342 1156 2373 ea
1176 2333 1254 2374 ΓΟ
1272 2329 1409 2385 (unde
1433 2330 1460 2373 l.
1481 2334 1505 2372 7
1530 2328 1781 2385 horamQ)
1805 2330 1809 2385 4

125 2390 236 2432 tunc
260 2389 384 2432 enim
408 2389 524 2432 haec
547 2405 606 2432 m.
621 2389 675 2447 L]
692 2391 801 2433 sunt
818 2402 887 2432 en.
902 2388 945 2433 h.
961 2404 1021 2434 m.
1036 2391 1075 2432 Δ
1101 2389 1217 2435 haec
1235 2390 1359 2433 enim
1376 2404 1435 2432 m.
1451 2390 1498 2433 Γ
1519 2389 1522 2446 1
1551 2388 1718 2433 fortius
1739 2389 1815 2446 Γ]

125 2448 173 2491 et
193 2447 378 2492 fortiter
402 2450 441 2492 Δ
527 2453 551 2491 9
578 2449 668 2492 erit
691 2449 773 2493 del.
792 2465 820 2492 κ
844 2461 952 2493 vero
978 2449 1002 2501 ζ
1021 2450 1122 2506 (qui
1144 2455 1187 2494 et
1207 2451 1292 2494 sic:
1321 2447 1521 2501 Quartus
1539 2462 1647 2492 vero
1673 2449 1813 2492 cardo

125 2506 174 2549 id
200 2509 271 2550 est
285 2505 404 2551 IMC.
421 2507 480 2566 [is
520 2508 622 2563 erit,
639 2508 687 2551 in
705 2508 864 2551 Ariete
880 2508 1136 2565 horoscopo
1153 2510 1338 2564 posito‚)
1367 2510 1373 2564 Ι
1400 2506 1519 2551 IMC.
1534 2508 1574 2566 ζ]
1592 2507 1641 2551 in
1658 2507 1754 2552 MC.
1774 2510 1821 2552 Γ

125 2564 240 2622 (ΜΟ.
267 2569 318 2624 G)
341 2566 390 2610 in
414 2566 484 2610 ΙΜ
524 2602 533 2611 .
558 2569 598 2611 Δ
628 2567 632 2626 1
661 2566 720 2625 is]
745 2567 785 2610 si
810 2567 854 2625 σ]
891 2568 895 2625 1
930 2567 978 2610 in
1003 2567 1161 2612 Ariete
1189 2569 1236 2611 Γ
1331 2573 1384 2611 10
1409 2567 1748 2623 horoscopante
1772 2567 1814 2625 ζ]

124 2625 487 2682 horoscopantes
511 2629 551 2670 Δ
585 2626 867 2683 horoscopus
891 2627 1057 2683 potens
1083 2629 1130 2671 Γ
1154 2626 1436 2683 horoscopus
1460 2627 1641 2683 positus
1668 2639 1693 2669 σ
1726 2626 1731 2684 Ι
1767 2628 1814 2670 et

125 2683 174 2727 in
194 2686 240 2728 Γ
258 2688 330 2728 est
353 2685 402 2728 in
419 2704 446 2730 κ
471 2686 561 2730 erit
583 2686 631 2729 in
657 2699 682 2729 σ
711 2686 714 2743 ᾗ
743 2685 860 2730 facit
877 2688 965 2729 ΔΔ
1046 2691 1096 2729 11
1125 2686 1436 2730 decernuntur
1452 2688 1491 2729 A
1522 2685 1526 2743 Ι
1556 2685 1622 2729 eis
1648 2685 1692 2744 σ]
1710 2685 1753 2730 ei

128 2747 182 2786 16
204 2743 416 2788 intonsus
442 2747 481 2789 A
511 2747 516 2801 Ι
546 2745 749 2789 crinibus
774 2745 978 2788 sordium
1002 2745 1171 2802 (ddum
1197 2748 1308 2799 0⁸A)
1334 2759 1444 2789 corr.
1471 2761 1498 2787 a.
1593 2749 1646 2788 18
1678 2745 1813 2788 horo-

127 2803 253 2859 scopi
276 2803 333 2862 D]
356 2804 637 2861 horoscopus
662 2806 728 2849 vel
750 2804 1008 2860 horoscopo
1041 2809 1116 2849 cet.
1147 2806 1151 2862 Ι
1181 2804 1422 2848 cardinum
1451 2804 1516 2862 Γ]
1544 2803 1812 2847 cardinibus

127 2863 166 2904 A
191 2862 378 2906 cardine
403 2868 438 2906 Β
533 2868 587 2907 19
620 2865 781 2908 lemma
812 2878 895 2908 om.
915 2866 954 2906 A
1041 2868 1096 2907 22
1122 2863 1309 2908 amittet
1334 2866 1422 2907 ΔΑ
1450 2863 1454 2920 Ῑ
1491 2863 1700 2907 amiserit
1724 2865 1764 2906 A
1800 2862 1809 2921 1

126 2919 309 2965 laetitia
332 2921 477 2965 A'mff
508 2924 566 2977 cf.
592 2925 667 2977 49,
693 2935 736 2965 28
881 2927 936 2965 23
970 2922 1234 2967 cumulatur
1257 2929 1291 2967 E
1332 2924 1492 2967 -antur
1516 2925 1555 2966 A
1596 2923 1721 2966 -etur
1744 2923 1812 2969 vel

127 2982 284 3023 -entur
319 2983 364 3024 Γ
428 2984 679 3039 augmento
705 2982 800 3040 Ea]
834 2985 1088 3039 augmenta
1118 2988 1193 3028 cet.
