2038 3162
751 140 1109 188 PRAEFATIO.
1646 139 1775 184 XXV

82 278 190 322 tene
221 278 261 330 ?)
379 281 463 322 184
482 290 523 322 12
555 277 773 335 colorum]
803 276 884 321 alr
915 277 1131 321 lanarwm
1161 279 1345 318 W=N
1462 278 1546 318 186
1565 287 1606 319 22
1636 274 1774 329 faciet

84 342 198 395 stent
220 337 284 395 a)]
311 338 552 393 patientur
575 341 630 379 W
654 336 861 394 patietur
889 336 957 380 vel
985 336 1126 390 faciet
1155 339 1195 378 R
1285 339 1370 377 202
1389 346 1431 379 28
1461 334 1672 392 vulnera]
1694 334 1775 377 alr

83 397 237 442 ulcera
252 400 307 439 W
323 418 378 433 =
395 400 436 439 Ἡ
506 400 592 440 209
610 408 651 441 2⁹1
669 397 877 453 partium
892 399 949 437 W
965 417 1021 432 =
1037 398 1112 438 Ro
1183 399 1267 438 251
1287 406 1307 439 6
1328 395 1468 449 faciet
1482 397 1631 437 -251
1652 405 1670 437 '1
1693 407 1774 437 no-

83 457 237 501 bilitat
257 455 307 500 in
331 471 359 498 s.
383 455 554 499 omissa
579 455 767 512 supplet
791 460 844 499 W
869 455 916 499 et
939 454 1084 499 habet
1106 455 1321 499 nobilitat
1337 475 1393 491 =
1410 457 1450 496 N
1518 457 1604 497 266
1622 463 1642 497 6
1665 453 1776 506 vita,

82 517 249 562 virtute
286 515 436 560 animi
473 521 514 560 et
553 516 774 572 qualitate
805 519 860 558 W
891 513 966 571 (cf.
998 514 1092 570 Nu)
1265 512 1310 557 II
1340 517 1395 556 29
1415 526 1456 557 21
1481 527 1548 568 sq.
1589 512 1778 568 supplet

83 580 138 619 W
154 597 210 613 =
234 578 294 626 11,
333 575 416 619 sed
454 580 781 632 consequentur
817 587 902 630 pro
941 578 1275 630 consequuntur
1394 577 1448 616 31
1467 584 1488 616 8
1525 573 1779 618 simultates

85 632 462 695 <ae9ritudines>
490 638 544 678 W
575 633 632 678 cf.
657 638 697 676 N
777 638 829 676 51
853 646 895 678 10
918 647 1005 690 per
1034 633 1245 677 accidens
1268 632 1314 691 a]
1347 633 1427 677 alr
1456 632 1700 689 adoptione
1723 635 1778 674 W

74 708 162 752 per
192 694 481 750 adoptionem
511 697 551 736 N
582 695 982 749 (perpetrationem
1013 694 1100 736 cet.
1127 691 1278 749 codd.)
1371 695 1426 735 63
1445 703 1488 735 28
1520 692 1778 736 latronibus

83 758 138 798 W
162 775 218 791 =
241 757 281 796 N
366 756 447 796 141
469 765 511 797 14
541 753 594 797 in
627 754 855 798 Mercurii
885 755 986 808 (per
1016 750 1204 809 siglum)
1232 757 1368 808 parte
1397 767 1425 795 a.
1459 751 1531 807 (=
1560 751 1646 809 Γ)]
1679 754 1737 794 M
1744 751 1783 795 Ο

82 827 224 870 supra
255 826 340 857 scr.
367 817 421 856 W
446 834 501 849 =
526 816 565 855 N
652 816 736 855 144
753 825 900 856 22-24
932 811 1307 855 additamentum
1339 815 1378 853 N
1409 810 1606 867 praebet
1637 811 1684 855 et
1709 815 1777 863 W,

84 873 165 917 sed
186 874 356 929 positos
386 885 471 928 pro
504 871 741 916 collocatos
772 873 821 915 et
844 883 886 916 23
909 872 950 916 si
974 884 1062 914 om.
1143 874 1226 914 150
1244 883 1286 915 1ο
1304 885 1370 926 sq.
1390 869 1579 926 supplet
1596 875 1650 914 W
1667 892 1722 907 =
1739 874 1778 912 N

82 931 182 989 (sed
222 944 264 976 12
294 937 476 977 teneant
513 944 597 988 pro
637 931 826 987 calcent)
921 934 1004 974 157
1023 943 1043 975 6
1083 931 1291 975 collocati
1321 935 1375 974 W
1414 930 1643 975 collocatis
1672 928 1779 972 ΝΒ*

83 993 344 1049 (collocatus
374 993 461 1035 cet.
548 994 634 1034 214
652 1005 693 1035 21
727 989 916 1047 supplet
940 994 995 1033 W
1024 989 1113 1034 ita:
1151 991 1203 1034 in
1233 990 1376 1034 horos.
1404 989 1643 1046 anaphora
1675 1003 1778 1033 con-

81 1052 245 1097 stituta
278 1050 355 1110 <et
377 1065 475 1095 eam
506 1050 737 1095 Saturnus
767 1052 819 1095 in
853 1050 984 1094 VIII
1009 1050 1066 1094 ab
1097 1050 1191 1095 hor.
1217 1050 1490 1094 constitutus
1514 1048 1642 1107 loco>
1677 1049 1778 1093 dia-

83 1116 238 1156 metra.
272 1108 339 1154 Cf.
363 1114 403 1152 N
523 1114 609 1153 216
627 1122 647 1154 6
678 1109 824 1154 habet
856 1114 910 1152 W
934 1131 989 1146 =
1015 1113 1054 1151 N
1175 1113 1261 1152 224
1279 1121 1321 1154 23
1352 1109 1546 1165 apocopi
1577 1113 1631 1152 W
1655 1131 1712 1146 =
1736 1111 1777 1152 Δ

84 1174 169 1214 226
187 1182 334 1215 18-20
366 1168 518 1226 suppl.
545 1173 743 1225 W=N‚
775 1169 857 1212 sed
888 1168 1004 1224 facit
1034 1183 1118 1225 pro
1151 1170 1291 1224 saciet
1380 1173 1465 1212 273
1483 1180 1527 1212 24
1558 1173 1781 1225 tympana

81 1231 316 1289 pulsantes
339 1233 394 1272 W
411 1251 466 1265 =
483 1233 522 1271 N
584 1232 670 1273 286
687 1240 707 1273 5
732 1227 884 1285 suppl.
911 1233 966 1272 W
983 1250 1038 1265 ==
1055 1232 1095 1270 N
1157 1232 1242 1272 318
1262 1241 1304 1273 10
1321 1242 1388 1284 sq.
1414 1227 1566 1285 suppl.
1586 1232 1641 1271 W
1654 1250 1709 1264 =
1725 1231 1779 1282 N,

84 1289 166 1334 sed
197 1290 400 1333 interibit
431 1290 478 1332 et
509 1290 725 1333 morietur
754 1288 907 1332 locum
940 1289 1239 1331 mutaverunt
1331 1292 1415 1331 328
1434 1301 1476 1332 18
1507 1289 1780 1346 mymoloyos

84 1349 253 1406 (faciet)
279 1352 348 1403 W,
380 1347 436 1392 cf.
455 1352 495 1390 N
571 1352 655 1391 343
674 1362 715 1393 21
748 1353 905 1392 cautos
935 1348 1141 1392 ductores
1164 1352 1232 1400 W,
1258 1346 1314 1390 cf.
1334 1349 1374 1391 Δ
1450 1351 1575 1391 3464
1598 1352 1780 1404 punctu

82 1410 213 1465 spine
243 1408 382 1463 faciet
411 1407 598 1453 interire
622 1411 690 1462 W,
724 1407 781 1451 cf.
807 1411 846 1450 N
923 1411 1009 1450 356
1027 1419 1128 1451 1—:3
1159 1406 1312 1464 suppl.
1340 1411 1394 1450 W
1412 1429 1467 1444 =
1484 1411 1523 1449 N

161 1467 427 1513 Ceterarum
450 1466 499 1509 in
518 1471 572 1510 W
597 1466 968 1522 adnotationum,
998 1479 1194 1523 quarum
1217 1466 1448 1523 plurimae
1473 1466 1780 1523 depravatum

86 1526 287 1571 Aldinae
319 1527 500 1570 textum
539 1526 600 1569 ad
640 1526 813 1570 codicis
852 1525 992 1570 fidem
1032 1526 1271 1583 castigant
1307 1524 1559 1570 lacunasve
1591 1525 1781 1583 explent

85 1599 294 1643 quasque
322 1585 583 1629 enumerari
613 1586 733 1629 nihil
765 1587 980 1640 interest,
1011 1585 1101 1629 hae
1134 1586 1574 1630 commemoratione
1608 1585 1780 1643 dignae

86 1648 215 1690 sunt:
264 1650 318 1689 67
339 1657 381 1690 14
419 1649 546 1690 nocet
583 1645 768 1690 diurnis
798 1645 846 1704 a]
879 1647 959 1690 alr
990 1647 1229 1690 nocturnis
1260 1650 1387 1688 W=
1406 1659 1432 1689 σ
1527 1648 1612 1688 110
1629 1657 1671 1690 26
1702 1647 1782 1690 hos

85 1706 254 1751 eosdem
280 1709 400 1748 W=
417 1720 447 1748 v
510 1709 595 1748 140
612 1718 654 1749 22
686 1706 765 1749 alr
787 1710 942 1750 octavo
966 1709 1085 1748 W=
1103 1708 1141 1746 A
1227 1709 1308 1748 161
1328 1717 1347 1749 3
1380 1705 1428 1748 in
1451 1706 1571 1750 socio
1603 1720 1631 1747 a
1653 1704 1779 1748 litte-

85 1779 187 1809 ram
219 1779 244 1808 o
276 1764 451 1808 delevit
474 1769 542 1818 W,
573 1765 628 1808 ut
658 1766 750 1810 scio
774 1787 829 1802 =
857 1778 882 1807 σ
912 1764 1139 1821 praebeat
1231 1768 1316 1808 180
1334 1777 1376 1809 18
1406 1765 1633 1820 fiscalium
1666 1779 1778 1808 corr.

86 1829 141 1868 W
158 1847 214 1862 =
231 1839 261 1867 v
335 1827 418 1867 196
436 1835 478 1868 25
510 1825 698 1869 antiscii
721 1824 767 1883 a]
801 1826 1027 1869 antistites
1050 1828 1105 1866 W
1126 1824 1299 1868 rectius
1325 1838 1464 1880 quam
1494 1825 1581 1868 scii
1605 1823 1781 1868 Sittelii

86 1887 172 1927 210
190 1896 210 1928 s
240 1883 503 1941 fluentibus]
527 1884 732 1939 fluxibus
755 1900 782 1927 a
805 1885 884 1928 alr
906 1884 1118 1939 fluetibus
1129 1888 1196 1939 W,
1221 1884 1346 1940 quod
1371 1883 1703 1927 desiderabant
1719 1898 1781 1927 κσ

87 1947 171 1986 251
191 1956 211 1988 6
236 1948 396 2000 poetas
425 1941 571 1986 habet
595 1947 649 1986 W
666 1965 722 1980 =
739 1959 769 1986 v
829 1943 871 1986 ΙΙ
897 1947 950 1986 10
969 1957 1009 1988 21
1041 1943 1215 1988 inscius
1247 1947 1296 1988 tn
1320 1944 1366 2001 a]
1390 1944 1512 1988 seius
1535 1949 1576 1987 et
1600 1948 1780 1987 corr.W

86 2006 142 2047 28
160 2014 202 2047 15
248 2008 332 2047 aut
372 2003 520 2047 Venus
558 2016 659 2046 eum
696 2004 764 2048 vel
803 2003 1068 2047 Mercurius
1104 2003 1172 2046 vel
1209 2004 1421 2059 Iuppiter
1460 2003 1513 2046 de
1554 2003 1780 2058 quadrato

83 2063 248 2107 viderit
273 2066 327 2105 W
396 2066 451 2106 53
470 2074 513 2106 24
536 2062 792 2118 proderunt
816 2078 842 2105 a.
867 2064 940 2119 (=
958 2062 1038 2120 Δ)]
1070 2063 1149 2106 alr
1167 2064 1340 2119 probae
1369 2068 1502 2106 erunt
1534 2067 1588 2105 W
1620 2064 1692 2118 (=
1715 2065 1779 2120 Γ)

87 2126 140 2165 77
161 2134 203 2166 1ο
225 2122 476 2166 venustatis
499 2120 643 2165 habet
660 2126 714 2165 W
731 2144 786 2159 =
805 2135 867 2165 κσ
929 2126 983 2164 97
1004 2136 1043 2166 11
1056 2123 1351 2178 praesideant
1368 2122 1416 2180 a]
1431 2122 1695 2178 possideant
1711 2127 1778 2176 W,

86 2180 143 2225 cf.
171 2185 243 2224 (ἓν
360 2185 442 2224 119
461 2193 504 2225 16
535 2181 730 2239 timoris]
762 2182 920 2226 mortis
947 2196 974 2223 a
1005 2183 1084 2225 alr
1113 2183 1274 2225 mentis
1300 2185 1353 2224 W
1371 2203 1426 2218 =
1444 2198 1470 2225 κ
1501 2180 1674 2224 rectius
1705 2196 1778 2225 uv.

87 2244 171 2283 153
189 2253 230 2284 22
265 2241 495 2284 laboribus
519 2255 559 2294 a,
594 2240 646 2283 bo
680 2239 768 2285 del.
795 2244 849 2283 W
867 2262 921 2277 =
941 2257 967 2283 κ
1046 2244 1169 2285 1724
1199 2241 1389 2286 Cancris
1420 2240 1465 2299 a]
1498 2241 1578 2285 air
1606 2242 1781 2298 yeneris

86 2303 140 2342 W
157 2321 213 2336 =
229 2314 259 2342 v
329 2303 412 2343 183
431 2311 451 2344 8
483 2312 626 2343 mores
649 2304 703 2342 W
721 2321 776 2336 =
795 2312 820 2343 σ
850 2301 1029 2355 (mortes
1059 2316 1086 2343 a
1104 2322 1159 2336 =
1181 2302 1245 2357 Γ)
1317 2303 1400 2343 183
1418 2313 1439 2344 8
1471 2300 1710 2356 definiente
1726 2305 1780 2343 W

84 2372 168 2415 pro
193 2359 421 2413 deficiente
445 2374 486 2411 a,
513 2358 570 2402 cf.
588 2372 652 2402 κο·
725 2363 806 2402 221
828 2371 868 2403 13
896 2360 1048 2404 Marti
1066 2364 1119 2403 W
1133 2382 1187 2396 =
1207 2377 1234 2403 κ
1243 2362 1266 2412 ζ
1285 2373 1370 2415 pro
1390 2361 1527 2404 Mars
1549 2361 1601 2404 in
1625 2375 1652 2402 a
1666 2382 1720 2396 =
1740 2362 1786 2403 Γ

85 2423 168 2460 271
189 2419 248 2476 ³s4
285 2418 512 2474 quidquid
550 2420 650 2474 (pro
690 2419 869 2475 quidem
907 2420 1022 2463 mali
1051 2424 1201 2475 potest
1238 2420 1334 2463 dici
1477 2423 1562 2462 274
1581 2431 1622 2463 26
1662 2420 1780 2464 absit

86 2481 140 2520 W
158 2478 256 2530 εξ
284 2491 369 2533 pro
402 2478 528 2522 adsit
557 2493 597 2521 s..

158 2535 287 2580 Haec
312 2536 513 2592 denique
545 2538 701 2581 tacere
725 2537 955 2591 nolumus,
989 2537 1163 2593 quippe
1188 2551 1307 2594 quae
1334 2537 1604 2581 correctoris
1631 2541 1685 2580 W
1709 2537 1780 2580 in-

84 2595 274 2651 genium
307 2595 663 2650 doctrinamque
694 2595 951 2641 illustrent:
985 2596 1046 2639 ad
1079 2599 1223 2653 caput
1253 2595 1494 2640 Aldinae'l
1519 2601 1544 2638 2
1582 2596 1779 2641 Obiecto-

83 2668 187 2698 rum
219 2655 456 2699 dissolutio
480 2657 543 2711 (p.
572 2659 625 2697 10
643 2667 663 2699 3
680 2657 797 2711 sqq.)
830 2655 878 2698 in
904 2655 1116 2712 margine
1149 2656 1411 2699 adnotavit:
1446 2657 1586 2700 Forte
1610 2658 1662 2700 in
1686 2657 1778 2701 lac-

85 2715 283 2758 tantium
315 2715 471 2771 arquit
503 2716 583 2770 qui
615 2721 772 2759 contra
811 2716 1057 2773 astroloyos
1093 2716 1275 2771 scripsit
1306 2721 1347 2759 et
1376 2717 1459 2760 sub
1491 2716 1779 2759 constantino

78 2774 257 2828 pariter
278 2774 448 2828 floruit.
495 2772 635 2817 Initio
665 2773 834 2830 capitis
858 2773 901 2817 11
926 2778 979 2816 15
1005 2775 1417 2819 Duodecatemoria
1442 2777 1502 2830 (p.
1529 2779 1584 2818 55
1604 2788 1645 2818 22
1660 2776 1778 2831 sqq.)

84 2844 277 2902 legitur:
326 2846 440 2890 Vide
471 2839 594 2903 pth3²
613 2849 685 2904 (=
706 2849 1034 2904 Ptolemaeum)
1067 2853 1109 2892 et
1139 2847 1453 2892 Alehabitium
1487 2849 1538 2891 in
1577 2849 1778 2904 capitulo

86 2905 159 2949 De
189 2905 479 2949 duodenatiis
511 2905 611 2962 (sic)
645 2907 726 2962 qui
755 2907 939 2951 addwnt
974 2907 1147 2964 qradus
1178 2921 1288 2962 quos
1318 2909 1511 2963 planeta
1537 2908 1777 2962 perambu-

86 2964 199 3009 lavit
238 2966 290 3009 in
327 2966 456 3022 siqno
485 2978 582 3010 suo.
644 2965 713 3009 De
753 2965 907 3022 capite
938 2965 980 3010 H
1011 2971 1067 3010 29
1102 2967 1431 3012 Chronocrator
1462 2968 1523 3023 (p.
1552 2971 1605 3010 75
1624 2981 1642 3011 1
1660 2968 1777 3023 sqq.)
