2090 3198
746 159 851 204 VIII
885 163 954 214 19,
979 163 1132 213 8-20,
1157 171 1190 203 2.
1706 158 1815 210 319

124 283 226 335 erit
264 282 470 334 aurifex
509 282 812 334 bracteator
842 284 936 333 aut
967 278 1345 331 marmorarius
1377 278 1460 331 vel
1492 278 1576 330 his
1609 278 1812 332 similis.

121 354 186 408 In
231 359 382 424 parte
421 353 616 408 XXVI.
657 354 858 407 Arietis
900 353 1223 422 quicumque
1270 352 1519 406 habuerit
1565 353 1812 405 horosco-

122 448 266 499 pum,
306 431 382 482 ita
421 430 521 482 erit
559 429 780 482 timidus
820 431 882 480 ut
917 445 1014 497 per
1046 427 1226 479 omnia
1255 426 1508 479 horarum
1541 429 1813 479 momenta

121 504 272 556 vanis
304 503 698 572 suspicionibus
731 504 1060 570 expavescat.
1132 499 1196 552 In
1227 504 1378 569 parte
1409 499 1633 554 XXVII.
1665 500 1814 554 Arie-
1834 501 1904 553 12

77 599 97 632 5
121 578 192 630 tis
241 578 563 646 quicumque
608 576 858 629 habuerit
902 575 1278 644 horoscopum,
1326 575 1429 627 erit
1474 575 1707 627 lanarius
1747 577 1814 628 si-

122 653 346 705 ricarius
408 654 597 704 textor.
695 649 760 703 In
811 653 962 718 parte
1015 647 1266 702 XXVIII.
1320 648 1520 702 Arietis
1575 650 1812 718 quicum-

122 744 225 794 que
271 725 521 778 habuerit
565 724 941 793 horoscopum,
990 723 1212 776 latrinas
1253 741 1462 792 semper
1501 725 1812 792 cloacasque

121 799 416 868 mundabit,
455 799 541 852 vel
579 799 646 850 ad
686 816 821 868 opus
859 797 1137 867 publicum
1178 797 1519 850 damnabitur
1550 798 1815 850 sententia

120 873 419 926 iudicantis,
478 870 540 925 In
572 876 722 941 parte
753 871 945 924 XXIX.
977 871 1179 924 Arietis
1213 872 1534 941 quicumque
1564 871 1813 925 habuerit

54 969 98 1002 ιο
121 947 494 1016 horoscopum,
534 947 634 999 erit
671 950 869 999 tonsor.
939 945 1003 999 In
1037 949 1189 1015 parte
1219 945 1385 999 XXX.
1418 946 1617 998 Arietis
1648 945 1703 998 id
1735 949 1814 998 est

122 1022 176 1073 in
227 1025 462 1075 extrema
508 1021 675 1074 cauda
722 1021 1043 1089 quicumque
1096 1020 1385 1073 habuerint
1436 1019 1812 1090 horoscopum,

121 1099 275 1149 erunt
314 1095 490 1148 insani
529 1095 714 1149 caduci
753 1094 998 1148 frenetici
1037 1094 1406 1165 oligochronii.

706 1272 820 1325 XX.
869 1271 1224 1342 [TAURUS]
1800 1283 1997 1327 f01.108⁷·1

230 1377 292 1430 In
325 1377 486 1430 Tauri
525 1381 676 1447 parte
711 1376 750 1431 I.
785 1376 1108 1446 quicumque
1146 1376 1399 1429 habuerit
1436 1376 1812 1445 horoscopum,
1834 1376 1859 1428 1

54 1474 94 1506 ιε
121 1453 221 1505 erit
266 1455 414 1504 vates
463 1452 687 1504 entheus
735 1453 827 1504 sed
873 1452 966 1519 qui
1012 1452 1067 1504 in
1114 1450 1332 1519 templis
1371 1451 1653 1504 vaticinari
1692 1469 1812 1504 con—

120 1525 364 1580 sueverit.
440 1525 503 1578 In
541 1529 691 1595 parte
730 1525 795 1578 II.
832 1525 995 1578 Tauri
1035 1525 1356 1594 quicumque
1394 1525 1681 1578 habuerint
1718 1526 1811 1578 ho-

118 1618 426 1669 roscopum,
497 1600 816 1652 baiulabunt
884 1603 1142 1670 stercora3
1209 1600 1430 1652 latrinas
1499 1601 1812 1668 cloacasque

118 1675 439 1745 purgabunt.
516 1673 581 1727 In
629 1678 782 1743 parte
818 1672 913 1726 III.
955 1673 1117 1726 Tauri
1157 1674 1477 1743 quicumque
1523 1674 1812 1727 habuerint

118 1749 499 1817 horoscopum,
545 1750 739 1817 <erunt
787 1747 1051 1818 agricolae
1097 1751 1347 1800 aratores.
1424 1747 1487 1800 In
1526 1747 1618 1800 IV.
1657 1751 1810 1817 parte

51 1844 94 1875 20
118 1822 279 1876 Tauri
320 1822 643 1892 quicumque
673 1822 959 1876 habuerint
989 1821 1400 1891 horoscopum,>
1431 1826 1586 1875 erunt
1615 1822 1809 1876 famosi

119 1897 359 1962 scaenici,
408 1897 499 1965 qui
546 1898 602 1948 in
650 1897 814 1951 sacris
862 1896 1244 1949 certaminibus
1293 1899 1688 1965 consequantur
1732 1897 1809 1949 in-

119 1971 293 2042 signia
341 1988 670 2024 coronarum.
748 1970 810 2023 In
854 1974 1006 2039 parte
1045 1970 1109 2023 V.
1151 1971 1314 2023 Tauri
1353 1971 1673 2039 quicumque
1719 1970 1861 2024 ha-2

118 2045 292 2098 buerit
330 2045 703 2113 horoscopum,
742 2045 913 2097 Marte
951 2045 1028 2098 ibi
1066 2046 1244 2114 posito
1284 2046 1370 2098 vel
1407 2045 1604 2097 minaci
1640 2045 1810 2098 radia-

116 2120 263 2172 tione
320 2119 604 2172 coniuncto
614 2161 627 2186 ,
690 2138 755 2171 ex
808 2119 1060 2190 gravibus
1115 2119 1331 2172 offensis
1385 2119 1656 2172 morietur.
1745 2117 1807 2171 In

51 2213 93 2245 25
116 2197 267 2262 parte
291 2191 383 2245 VI.
409 2192 572 2245 Tauri
596 2194 918 2261 quicumque
941 2193 1226 2245 habuerint
1251 2194 1623 2262 horoscopum,
1652 2197 1809 2246 erunt

239 2373 260 2410 1
295 2367 530 2411 braciator
560 2369 686 2412 codd.
745 2370 751 2424 l
809 2369 910 2426 aut]
943 2368 1015 2412 vel
1052 2373 1091 2411 N
1148 2373 1153 2422 Ι
1209 2367 1284 2412 vel
1315 2368 1388 2412 his
1421 2368 1586 2412 similis
1619 2370 1680 2426 Δ]
1720 2368 1809 2412 erit

122 2429 168 2471 Γ
316 2432 342 2470 4
382 2428 458 2471 Ar.
491 2442 535 2482 p.
569 2426 751 2470 XXVII.
784 2430 824 2470 Δ
978 2431 1003 2470 5
1044 2427 1287 2471 sericarius
1319 2432 1358 2470 N
1405 2428 1643 2472 stricarius
1677 2433 1748 2470 Gv

119 2492 143 2530 6
187 2488 341 2530 textor
381 2485 453 2529 vel
497 2485 703 2530 lanarius
748 2485 1023 2543 (lanatarius
1057 2489 1107 2543 G)
1143 2489 1190 2531 Γ
1252 2489 1259 2543 Ι
1327 2488 1403 2530 Ar.
1448 2502 1491 2543 p.
1531 2487 1737 2531 XXVIII.
1769 2492 1808 2529 N

117 2547 194 2589 Ar.
228 2559 310 2590 om.
344 2548 381 2587 A
419 2546 491 2589 hic
521 2551 561 2589 et
592 2547 620 2589 l.
655 2550 694 2589 9.
730 2550 785 2589 10
923 2550 947 2588 7
981 2560 1162 2603 semper
1193 2560 1274 2590 om.
1309 2549 1349 2590 Δ
1490 2551 1544 2589 10
1575 2546 1625 2590 id
1658 2548 1728 2589 est
1759 2546 1807 2589 in

118 2608 324 2648 extrema
356 2603 508 2648 cauda
538 2618 621 2648 om.
655 2608 691 2646 A
722 2610 829 2661 post
858 2605 1165 2662 horoscopum
1190 2608 1327 2662 ponit
1356 2610 1394 2647 N
1547 2611 1598 2649 11
1633 2605 1807 2648 habue-

117 2664 180 2707 rit
211 2667 251 2707 Δ
406 2668 460 2706 13
502 2665 661 2707 lemma
691 2678 775 2708 om.
808 2669 843 2705 D
875 2666 1062 2721 plenius
1091 2666 1191 2708 hab.
1225 2669 1264 2707 N
1425 2670 1479 2708 14
1520 2664 1660 2708 Tauri
1692 2665 1741 2707 in
1772 2664 1805 2708 I.

116 2738 160 2779 p.
193 2727 233 2765 N
279 2722 328 2766 T.
362 2722 394 2766 Ι.
428 2737 472 2778 p.
505 2727 541 2764 1>
723 2727 777 2766 15
825 2724 1021 2767 entheus
1051 2723 1129 2781 1³²]
1178 2726 1338 2768 enteus
1373 2728 1454 2766 GN
1500 2724 1671 2767 eriteus
1703 2728 1740 2765 A
1797 2724 1801 2780 l

118 2783 392 2826 consuescat
423 2784 462 2824 Δ
513 2783 813 2825 consueverat
844 2786 881 2824 A
1018 2787 1071 2826 16
1104 2783 1158 2826 II.
1191 2799 1236 2840 p.
1270 2786 1349 2826 Av
1407 2785 1412 2838 Ι
1469 2782 1687 2826 habuerit
1717 2785 1804 2825 AA

179 2845 233 2885 18
266 2841 341 2885 ΙΠ,
373 2855 417 2896 p.
453 2843 532 2884 Av
654 2844 707 2883 19
741 2842 877 2884 erunt
907 2867 963 2874 —
997 2846 1053 2886 20
1084 2842 1335 2886 habuerint
1366 2843 1471 2886 add.
1504 2846 1556 2894 R,
1592 2842 1804 2885 horosco-

117 2915 229 2956 pum
259 2914 343 2944 ‘nos
508 2904 562 2942 22
595 2899 650 2942 V.
683 2914 726 2956 p.
760 2902 799 2943 Δ
859 2902 865 2956 1
921 2899 1173 2945 habuerint
1207 2938 1214 2944 .
1243 2936 1252 2944 .
1280 2936 1289 2945 .
1323 2900 1577 2962 morientur
1607 2905 1688 2943 DG
