2066 3192
285 153 390 205 124
1013 151 1243 197 FIRMIGI

280 277 333 326 et
371 274 483 344 igni
524 274 744 327 vulnera
782 273 1049 344 infligunt.
1129 273 1232 326 Sed
1278 277 1332 326 et
1378 274 1725 327 consiliorum
1768 275 1972 329 rectum

280 348 521 400 ordinem
559 351 765 400 mutata
807 346 997 399 mentis
1038 347 1330 400 stabilitate
1368 349 1704 401 conturbant.

393 420 801 494 [Coniunctio
852 421 1078 474 Martis
1130 424 1190 473 et
1243 421 1550 492 Veneris]
1616 421 1674 475 Si
1726 421 1870 474 Mars
1920 425 1973 474 et

279 495 462 548 Venus
523 496 581 548 in
642 495 828 548 eodem
890 495 1043 565 signo
1106 496 1307 564 pariter
1369 497 1647 549 constituti
1706 495 1972 564 aequabili

279 570 550 623 societatis
611 573 875 639 potestate
937 571 1250 640 iungantur,
1311 569 1416 622 ista
1476 570 1663 623 Martis
1727 569 1970 623 Veneris·
2017 589 2037 622 5

279 663 383 714 que
459 644 765 698 coniunctio
852 646 1180 713 stupratores
1265 644 1640 714 adulterosque
1716 643 1970 713 perficiet,

279 722 339 771 ut
398 737 562 786 pravo
626 718 934 788 cupiditatis
997 718 1184 771 ardore
1245 719 1504 789 possessi,
1566 723 1619 772 et
1680 718 1970 771 indomitae

277 793 516 846 libidinis
580 792 810 845 stimulis
872 791 1108 861 incitati,
1175 792 1429 862 captiosis
1490 791 1969 862 pollicitationibus

278 866 452 936 stupri
503 867 844 936 perpetrandi
898 885 1056 920 causa
1109 866 1269 919 alieni
1322 867 1650 920 matrimonii
1699 868 1816 920 iura
1865 884 1971 920 sec-

226 942 259 994 3
278 945 469 995 tentur.
488 941 501 958 ⁹
548 940 606 994 Si
661 959 786 994 vero
842 959 963 992 cum
1016 940 1102 993 his
1148 940 1442 994 Mercurius
1490 942 1653 994 fuerit
1706 941 1969 1010 inventUS,
1994 961 2037 994 ιο

276 1017 361 1068 vel
400 1016 445 1068 si
484 1034 574 1068 eos
623 1015 882 1084 quadrata
925 1015 1221 1068 radiatione
1267 1015 1574 1084 respexerit,
1620 1034 1776 1069 voces
1822 1032 1970 1068 accu-

278 1091 508 1143 sationes
557 1108 741 1142 causas
789 1089 857 1142 ob
903 1089 1035 1143 haec
1082 1089 1326 1158 crimina,
1375 1090 1505 1158 <sed
1543 1092 1632 1157 et>
1681 1088 1968 1143 seditiones

277 1167 329 1217 et
377 1164 560 1218 turbas
609 1167 662 1216 et
707 1164 908 1233 publici
949 1163 1207 1216 sermonis
1254 1164 1653 1233 inexplicabiles
1699 1167 1855 1216 notas
1903 1182 1968 1215 ex

276 1239 380 1291 ista
424 1239 719 1291 radiatione
767 1238 1070 1291 decernunt.
1150 1237 1253 1291 Sed
1300 1239 1344 1290 si
1390 1238 1489 1290 hos
1537 1239 1614 1291 sic
1657 1239 1864 1308 positos
1912 1238 1968 1290 in

277 1312 556 1382 oportunis
602 1312 733 1365 locis
772 1311 1014 1382 Iuppiter
1058 1312 1266 1380 positus
1314 1316 1367 1364 et
1413 1312 1470 1365 in
1517 1313 1685 1383 signis
1725 1313 1835 1366 suis
1882 1311 2033 1364 vel15

275 1388 332 1439 in
385 1386 760 1439 altitudinibus
817 1389 1107 1439 collocatus
1164 1386 1384 1439 salutari
1441 1386 1737 1440 radiatione
1794 1405 1966 1454 respe-

274 1461 427 1531 xerit,
474 1480 538 1513 ex
584 1461 702 1514 istis
751 1461 1063 1514 criminibus
1109 1461 1390 1530 potestatis
1436 1460 1659 1514 alicuius
1699 1460 1965 1531 praesidio

223 1535 584 1588 4liberantur.
668 1534 726 1588 Si
773 1554 896 1588 vero
946 1535 1057 1588 sine
1103 1535 1414 1588 testimonio
1462 1533 1607 1588 Iovis
1651 1535 1797 1587 Mars
1844 1553 1964 1587 cum

275 1609 481 1662 Venere
522 1612 574 1662 et
613 1609 875 1662 Mercurio
922 1609 1124 1678 pariter
1170 1610 1495 1662 constitutus
1544 1611 1774 1678 aliquem
1821 1610 1966 1680 geni-

275 1687 424 1736 turae
470 1684 764 1752 possederit
811 1683 1093 1752 cardinem,
1144 1683 1230 1736 vel
1276 1683 1321 1736 si
1367 1684 1423 1735 in
1463 1684 1651 1737 ceteris
1690 1685 1965 1754 geniturae
1990 1703 2033 1735 20

273 1759 406 1811 locis
448 1758 732 1811 crescentis
764 1758 946 1809 Lunae
985 1759 1166 1810 lumen
1207 1758 1487 1827 exceperit,
1530 1758 1613 1811 vel
1652 1758 1696 1810 si
1738 1758 1839 1827 [in]
1880 1757 1964 1810 his

276 1833 352 1885 sic
392 1832 698 1885 constitutis
740 1831 1000 1884 Saturnus
1046 1832 1229 1884 lumen
1266 1832 1447 1884 Lunae
1486 1832 1781 1885 deficientis
1821 1849 1966 1884 exce-

274 1905 430 1975 perit,
463 1907 531 1959 ob
571 1906 817 1958 adulterii
859 1909 951 1958 aut
983 1906 1154 1974 stupri
1187 1906 1271 1958 vel
1302 1906 1490 1958 incesti
1523 1906 1721 1959 crimen
1751 1905 1965 1976 publica

274 1980 730 2033 animadversione
775 1980 1094 2050 plectuntur.
1174 1979 1231 2032 Si
1277 1999 1400 2032 vero
1440 1981 1495 2032 in
1535 1981 1757 2048 tropicis
1798 1981 1965 2051 signis

273 2054 416 2107 Mars
457 2058 510 2107 et
549 2054 731 2107 Venus
773 2054 934 2106 simul
970 2054 1170 2107 fuerint
1211 2056 1475 2122 collocati,
1528 2073 1661 2124 quae
1709 2073 1797 2107 eos
1838 2073 1963 2123 qua·
1988 2072 2030 2105 25

274 2129 451 2181 dratos
506 2129 561 2181 in
614 2130 837 2197 tropicis
893 2128 1060 2199 signis
1114 2128 1286 2181 facere
1339 2128 1775 2198 monstravimuS,
1834 2129 1964 2181 haec

271 2203 549 2271 perficient
586 2203 786 2271 pariter
822 2203 878 2254 in
918 2203 1085 2272 signis
1124 2202 1343 2271 tropicis
1382 2203 1674 2255 constituti.

274 2347 323 2391 ἐκ
356 2347 547 2403 σιδήρου
579 2348 659 2391 καὶ
689 2346 837 2402 πυρὸς
867 2348 917 2392 τὸ
952 2355 1080 2404 σῶμα
1111 2347 1383 2405 πάσχουσιν,
1419 2347 1548 2392 ἄλλοι
1573 2346 1747 2404 μανίαν
1772 2355 1961 2392 νοσοῦσι

272 2407 351 2450 καὶ
375 2406 756 2465 φρενοβλάβειαν.
791 2410 853 2463 (p.
871 2412 953 2451 123
975 2407 1006 2450 l.
1027 2410 1099 2457 25)
1127 2407 1148 2448 ὁ
1177 2408 1227 2451 ὃὲ
1251 2408 1475 2462 πατρικὸς
1507 2407 1607 2465 βίος
1638 2406 1956 2452 σκεδάννυται.

273 2470 297 2508 3
348 2469 456 2519 174,
483 2471 512 2509 6
557 2467 658 2510 Σὺν
692 2467 742 2510 δὲ
774 2464 1011 2523 Ἀφροδίτῃ
1047 2466 1103 2509 τὰ
1142 2466 1217 2510 ἴσα
1253 2474 1345 2510 τῶν
1381 2468 1680 2523 τετραγώνων
1726 2473 1956 2510 ποιοῦσιν.

271 2526 328 2579 cf.
362 2526 491 2579 infra
522 2527 552 2569 l.
576 2529 652 2569 25.
747 2530 802 2568 25
835 2526 891 2580 cf.
925 2527 986 2569 ad
1019 2527 1045 2569 l.
1073 2529 1115 2569 3.

391 2662 412 2700 1
447 2660 624 2701 rectum
658 2658 865 2701 ordinem
894 2657 939 2714 n]
974 2659 1154 2714 regium
1186 2659 1400 2701 ordinum
1424 2663 1480 2700 N·
1583 2663 1608 2700 4
1643 2658 1886 2701 constituti
1918 2664 1959 2703 et

272 2723 376 2761 ante
409 2717 583 2772 pariter
612 2718 814 2773 scripsit,
860 2717 937 2760 sed
969 2723 1127 2773 postea
1163 2719 1386 2774 expunxit
1416 2722 1455 2759 N
1605 2722 1630 2760 8
1672 2717 1886 2760 stimulus
1918 2721 1957 2759 N

272 2779 546 2820 correximus
696 2781 721 2819 9
755 2775 894 2819 alieni
926 2776 1212 2819 matrimonii
1243 2778 1283 2834 ζ]
1322 2776 1418 2819 alia
1450 2776 1571 2819 enim
1604 2776 1956 2819 manumissioni

270 2839 309 2876 N
432 2839 483 2877 11
517 2835 671 2893 voces]
702 2835 824 2878 rixas
857 2836 881 2886 ζ
910 2836 966 2889 cf.
994 2839 1064 2889 94,
1089 2848 1110 2878 3
1141 2842 1182 2879 et
1211 2836 1307 2878 ind.
1432 2840 1485 2878 12
1518 2836 1622 2879 add.
1657 2838 1681 2887 ζ
1801 2839 1854 2878 13
1885 2835 1955 2877 in-

271 2893 525 2949 placabiles
559 2912 585 2937 κ
617 2893 925 2950 inexpiabiles
958 2895 982 2945 ζ
1102 2899 1155 2937 18
1187 2893 1443 2938 liberentur
1472 2898 1511 2935 N
1633 2899 1684 2937 21
1718 2893 1766 2936 in
1798 2893 1856 2936 iis
1889 2894 1955 2938 sic

273 2952 551 2996 constitutus
582 2958 620 2995 N
652 2967 764 2999 corr.
791 2957 814 3005 ζ
932 2957 986 2999 25
1019 2955 1159 3010 quae]
1196 2968 1239 3012 q.
1265 2957 1304 2994 N
1346 2955 1351 3010 Ι
1393 2954 1449 3008 cf.
1484 2956 1556 3008 94,
1581 2967 1600 2995 5
