2066 3192
808 135 873 181 Vl
906 140 977 192 16,
1001 148 1118 181 3-8.
1707 136 1813 189 109

0 223 2 310 ,
122 257 402 311 contrariis
449 256 730 309 constituti
774 258 908 311 locis
953 256 1117 326 longa
1167 274 1223 309 se
1269 256 1497 310 invicem
1543 257 1814 310 radiorum

0 336 1 359 ÷
123 351 341 386 suorum
386 333 652 401 potestate
698 330 1051 401 pulsaverint,
1106 331 1229 384 illos
1274 331 1540 402 inpugnat
1586 331 1691 384 ista
1735 351 1814 384 ra-

122 406 309 476 diatio,
358 404 685 474 quicumque
731 405 874 459 docti
922 404 1182 459 sermonis
1230 405 1567 474 disciplinam
1612 405 1814 459 fuerint

120 481 365 534 assecuti.
435 478 539 532 Sed
577 482 631 531 et
668 479 856 549 populi
896 479 1206 532 metuendas
1238 479 1525 533 seditiones
1558 481 1810 551 exagitat,

77 575 96 608 5
122 558 175 608 et
220 553 496 624 popularis
543 553 927 625 indignationis
974 554 1208 624 iurgium
1254 553 1562 623 frequenter
1610 554 1814 623 indicit,

121 634 175 682 et
219 627 614 698 potentioribus
661 629 789 681 viris
836 631 930 680 aut
975 627 1192 698 regibus
1238 627 1591 681 invidentium
1635 628 1813 682 studio

122 704 260 755 male
298 702 557 755 insinuari
597 720 806 771 semper
838 701 1047 755 efficiet.
1118 700 1223 754 Sed
1254 705 1307 755 et
1337 702 1565 755 fratrum
1598 702 1815 757 acerbas

121 780 323 830 mortes
360 776 667 845 frequenter
706 776 955 844 ostendit,
994 779 1088 829 aut
1126 795 1216 828 eos
1247 775 1350 844 <a>
1379 777 1630 829 fraternis
1661 777 1813 831 affec-

119 851 266 904 tibus
304 851 456 922 gravi
495 850 767 903 simultate
807 851 1080 920 dissociat,
1132 854 1185 903 et
1231 868 1353 903 cum
1393 852 1515 904 illos
1553 869 1661 904 una
1699 870 1814 904 san-

54 947 97 979 10
119 925 298 1010 guinis
330 924 664 1052 nlicissigudo
698 926 1002 1052 conipngat,
1040 925 1319 994 paricidali
1351 925 1594 978 odiorum
1628 929 1814 979 contra

121 1018 176 1052 se
217 1018 355 1052 Simu
402 1017 487 1052 ae
564 1018 592 1052 e
632 1018 667 1051 u
744 1018 850 1052 an.

233 1073 550 1144 [Iuppiter
594 1018 884 1127 {thIlauna
938 1073 1272 1143 diametri]
1351 1073 1410 1127 Si
1463 1073 1707 1144 Iuppiter
1760 1075 1862 1127 et7

120 1147 271 1200 Luna
310 1148 567 1201 diametra
606 1167 660 1200 se
698 1147 995 1201 radiatione
1034 1148 1379 1218 respexerint,
1419 1151 1471 1201 et
1511 1149 1568 1201 in
1607 1152 1812 1203 contra-

118 1223 212 1275 riis
252 1222 531 1276 constituti
565 1223 698 1275 locis
737 1222 900 1293 longa
939 1240 995 1276 se
1034 1223 1262 1275 invicem
1293 1223 1564 1275 radiorum
1595 1241 1812 1276 suorum

53 1317 95 1351 15
119 1300 384 1366 potestate
423 1297 775 1367 pulsaverint,
815 1300 870 1349 et
908 1297 979 1349 sit
1016 1296 1170 1350 Luna
1207 1298 1366 1366 plena
1402 1297 1719 1367 luminibus,
1760 1300 1813 1351 et

119 1374 298 1441 partes
336 1369 481 1424 Iovis
527 1370 709 1424 Lunae
755 1372 991 1441 partium
1036 1390 1291 1424 numerus
1330 1372 1621 1436 antecedat,
1666 1373 1813 1441 prin-

121 1445 314 1514 cipalia
359 1445 638 1516 dignitatis
684 1446 916 1516 insignia
962 1445 1198 1499 decernit
1244 1445 1348 1500 ista
1392 1446 1617 1499 radiatio
1626 1489 1640 1516 ,
1687 1446 1812 1516 (et)

119 1521 285 1573 vitam
332 1538 516 1572 eorum
564 1521 706 1574 clara
751 1523 1018 1589 potestate
1055 1520 1321 1573 nobilitat.
1398 1519 1504 1574 Sed
1542 1523 1596 1574 et
1635 1521 1863 1574 omnia8

120 1594 392 1663 potentiae
432 1598 744 1647 ornamenta
783 1594 1040 1663 decernit,
1088 1598 1141 1646 et
1178 1595 1309 1647 facit
1346 1594 1508 1647 talem
1549 1595 1642 1664 qui
1679 1614 1813 1647 nun-

53 1690 96 1722 20
121 1687 279 1737 quam
320 1668 491 1737 possit
530 1668 716 1722 alienis
748 1668 1107 1737 potestatibus
1139 1669 1428 1738 subiacere,
1467 1673 1520 1722 et
1554 1670 1648 1738 qui
1680 1688 1812 1723 sem-

119 1761 216 1812 per
265 1742 480 1796 virtutis
530 1743 703 1814 gratia
754 1747 807 1796 et
857 1743 1021 1796 animi
1072 1744 1374 1796 constantia
1423 1743 1608 1796 alienis
1659 1761 1781 1797 con·
1797 1756 1970 1800 fot-⁷4²7

119 1817 346 1869 fidenter
390 1817 605 1870 resistat
649 1817 1008 1886 potestatibus
1057 1817 1307 1887 [alienis]
1386 1816 1444 1871 Si
1483 1836 1609 1871 vero
1647 1817 1812 1872 fuerit

120 1890 272 1943 Luna
308 1891 516 1944 minuta
553 1891 865 1962 luminibus,
903 1891 1040 1944 nihil
1078 1891 1141 1944 de
1180 1892 1616 1961 praecedentibus
1654 1893 1810 1946 bonis

121 1966 212 2018 sed
244 1965 476 2018 maxima
506 1966 923 2019 infortuniorum
949 1966 1305 2019 decernuntur
1328 1967 1505 2020 exitia.
1551 1966 1656 2020 Sed
1683 1970 1810 2020 tunc

53 2060 94 2093 25
120 2039 259 2092 mala
298 2040 491 2092 fortius
534 2041 931 2110 convalescunt,
970 2042 1017 2093 si
1054 2041 1216 2093 fuerit
1256 2044 1519 2094 nocturna
1549 2041 1810 2112 genitura.

239 2175 263 2213 2
306 2174 407 2224 172,
434 2175 490 2215 18
537 2173 718 2227 φαῦλον
760 2179 857 2223 τοῖς
901 2172 1005 2227 περὶ
1048 2170 1213 2227 λόγους
1255 2170 1615 2216 ἐσπουδακόσιν·
1666 2171 1810 2230 ὄχλων

119 2229 207 2286 γὰρ
241 2229 556 2274 ἐπανάστασιν
587 2231 668 2274 καὶ
702 2229 843 2288 ὀργὴν
869 2229 1082 2287 σημαίνει
1106 2229 1134 2287 ἢ
1160 2230 1382 2290 διαβολὰς
1407 2231 1456 2275 ἐκ
1481 2231 1671 2288 φθόνου
1694 2232 1812 2287 πρὸς

121 2288 344 2344 μείζονας,
370 2290 587 2345 ἀδελφῶν
602 2306 649 2334 τε
666 2290 883 2334 θάνατον
900 2291 978 2334 καὶ
996 2289 1132 2342 δίκας
1147 2291 1228 2334 καὶ
1244 2289 1415 2347 κρίσεις
1430 2291 1546 2346 πρὸς
1562 2298 1807 2349 συγγενεῖς.

125 2354 179 2391 15
214 2351 317 2402 173,
342 2353 367 2391 1
402 2348 607 2405 Σελήνης
642 2381 652 2393 .
672 2381 682 2392 .
702 2382 712 2392 .
747 2350 1098 2407 αὐξιφωτούσης
1129 2348 1214 2405 μὲν
1252 2353 1343 2406 (16)
1376 2349 1627 2406 προεδρίας
1658 2350 1809 2396 αἰίειον

120 2408 200 2451 καὶ
247 2406 351 2466 βίου
396 2407 633 2463 ἐπισήμου.
690 2409 881 2467 ἀρχικὸς
925 2408 1012 2466 γὰρ
1054 2409 1193 2463 ἔσται,
1232 2408 1371 2464 ἤθεσι
1411 2407 1453 2453 δ’
1490 2408 1690 2466 ὃρμητὴς
1728 2411 1808 2454 καὶ

122 2466 240 2525 ἄλλῳ
271 2467 364 2510 τινὶ
396 2468 480 2510 οὐκ
514 2466 672 2512 εἴκων·
731 2470 822 2524 (16)
854 2469 935 2512 καὶ
967 2470 1151 2524 μᾶλλον,
1182 2467 1326 2525 ἡνίκα
1348 2468 1377 2525 ἡ
1403 2469 1584 2525 Σελήνη
1607 2469 1690 2514 τὸν
1715 2468 1807 2513 Δία

122 2526 364 2581 ὑπερτερεῑ
390 2524 619 2571 πλειόνων
651 2534 826 2582 μοιρῶν
858 2525 997 2571 οὖσα·
1052 2530 1145 2584 (22)
1177 2530 1524 2584 λειψιφωτοῦσα
1551 2528 1600 2573 δὲ
1627 2530 1807 2585 μειώσει

120 2586 178 2628 τὰ
211 2584 429 2641 εἰρημένα
461 2586 540 2629 καὶ
574 2586 820 2642 σφάλματα
851 2586 996 2631 πολλὰ
1029 2586 1187 2640 ἐπάξει
1217 2591 1278 2646 τῷ
1312 2586 1410 2647 βίῳ.

239 2708 267 2745 4
298 2703 603 2760 popularibus
635 2704 1043 2762 indignationibus
1075 2708 1115 2749 Δ
1269 2710 1293 2749 6
1335 2705 1510 2763 studio]
1556 2706 1753 2750 stridore
1785 2721 1810 2749 σ

122 2766 148 2805 8
181 2763 287 2806 add.
315 2776 340 2806 σ
460 2767 485 2806 9
519 2763 775 2807 dissociant
806 2763 897 2806 A‘B
1021 2769 1075 2807 10
1107 2764 1379 2821 parricidali
1410 2764 1510 2807 A'n
1541 2765 1810 2821 patricidali

122 2825 157 2862 D
193 2824 199 2876 Ι
234 2822 340 2865 odio
367 2825 406 2865 Δ
532 2826 583 2864 17
618 2823 882 2867 coniunctio
907 2823 1108 2867 radiatio
1134 2827 1173 2867 A
1211 2827 1216 2880 Ι
1251 2824 1517 2868 addidimus
1541 2827 1806 2881 (eorumque

123 2880 268 2923 vitam
301 2884 370 2937 a),·
402 2882 477 2924 sed
501 2883 643 2937 plura
676 2883 891 2926 eoecidisse
921 2883 1100 2927 videtur
1123 2883 1320 2939 probare
1352 2897 1510 2927 eorum
1649 2888 1702 2926 19
1734 2887 1806 2927 ta-

123 2938 189 2982 les
221 2942 260 2982 A
386 2944 441 2982 20
473 2940 655 2995 possint
685 2944 725 2984 Δ
849 2946 903 2986 22
937 2943 1020 2986 del.
1051 2944 1097 2985 Γ

12 3022 14 3027 ⁷
3 2911 11 2966 W*
