2090 3198
745 178 851 223 Vm
882 183 952 235 24,
977 183 1131 234 9—25‚
1156 191 1190 223 a.
1704 178 1813 232 333

126 303 228 368 tur,
266 303 368 352 ..aut
414 318 444 351 a
491 300 676 352 bestiis
722 299 932 370 magnis
977 301 1292 352 lacerantur.
1368 298 1432 351 In
1479 303 1630 368 parte
1669 299 1812 353 VIII.

123 374 316 426 Librae
348 373 671 442 quicumque
701 373 950 426 habuerit
979 374 1356 442 horoscopum,
1396 374 1498 426 erit
1535 373 1814 427 balneator

124 447 516 501 mediastrinuS.
592 446 658 500 In
702 451 852 516 parte
898 445 990 499 IX.
1028 447 1222 500 Librae
1270 448 1591 516 quicumque
1644 447 1813 500 habu·

124 522 226 574 erit
264 522 637 591 horoscopum,
675 522 776 574 erit
817 521 1020 574 aleator
1048 521 1298 591 populari
1327 522 1549 574 notione
1579 523 1996 591 perspi-f01.110'³l

79 618 99 650 5
125 613 269 648 cuus,
348 596 495 649 Haec
540 599 718 648 autem
765 613 888 664 pars
936 596 1097 648 etiam
1146 596 1203 647 in
1241 594 1434 648 litteris
1473 595 1814 649 vehementer

122 671 325 739 peritos
373 669 554 724 efficit.
630 668 694 722 In
740 673 890 738 parte
935 669 998 722 X.
1039 669 1234 722 Librae
1280 669 1602 738 quicumque
1648 670 1865 724 habu-4

124 744 227 796 erit
274 745 650 812 horoscopum,
690 744 791 796 erit
831 743 1082 797 cinaedus
1129 743 1346 812 publica
1392 743 1638 813 pulsatus
1681 745 1813 797 infa-

123 820 243 870 mia.
306 817 508 881 Quodsi
546 817 784 870 mulieris
822 817 988 870 fuerit
1027 818 1130 870 ista
1161 817 1424 888 genitura,
1455 818 1557 870 erit
1588 819 1813 887 passivis

122 892 406 945 libidinum
439 892 827 960 cupiditatibus
858 892 1162 961 prostituta.
1218 891 1283 944 In
1314 890 1404 944 XI.
1437 896 1588 960 parte
1622 892 1814 946 Librae

56 989 99 1020 10
126 967 447 1035 quicumque
486 966 733 1018 habuerit
763 967 1135 1035 horoscopum,
1174 965 1470 1035 hydropica
1500 970 1672 1019 morte
1703 985 1814 1020 mo-

122 1041 301 1093 rietur.
363 1038 426 1092 In
451 1039 567 1092 XII.
593 1043 744 1108 parte
768 1040 961 1093 Librae
990 1041 1311 1109 quicumque
1341 1040 1627 1094 habuerint
1658 1042 1814 1095 horo-

122 1133 358 1183 scopum,
383 1114 440 1166 in
463 1114 672 1166 iudiciis
700 1131 818 1166 cum
844 1114 1083 1167 omnium
1107 1114 1303 1167 notitia
1325 1115 1693 1168 versabuntur.
1748 1114 1814 1168 In

120 1193 271 1257 parte
295 1187 438 1240 XIII.
464 1188 655 1241 Librae
688 1189 1010 1257 quicumque
1034 1188 1281 1241 habuerit
1304 1188 1680 1260 horoscopum,
1711 1191 1813 1242 erit

122 1262 405 1334 religiosus
437 1263 623 1330 iustUS,
655 1263 741 1315 cui
772 1262 987 1331 publica
1018 1262 1214 1315 iudicia
1245 1263 1542 1333 credantur,
1574 1267 1628 1316 et
1656 1281 1812 1333 quem

55 1359 96 1390 15
122 1356 217 1389 rex
255 1337 425 1390 amico
466 1336 659 1407 diligat
697 1355 906 1405 semper
945 1336 1173 1390 adfectu.
1275 1335 1378 1389 Sed
1425 1337 1513 1389 hic
1559 1341 1812 1406 provecta

121 1414 294 1463 aetate
340 1412 586 1480 (morte)
633 1430 727 1463 sua
773 1411 1046 1464 morietur.
1124 1409 1188 1463 In
1237 1414 1388 1480 parte
1435 1410 1578 1465 XIV.
1617 1411 1862 1465 Librae5

122 1485 444 1554 quicumque
482 1484 732 1537 habuerit
771 1485 1146 1554 horoscopum,
1194 1485 1295 1538 erit
1341 1486 1585 1555 sculptor
1624 1490 1677 1538 et
1717 1487 1809 1555 qui

121 1559 339 1612 deorum
382 1559 664 1611 simulacra
701 1559 836 1611 miro
871 1559 1084 1612 artificii
1117 1559 1397 1628 splendore
1429 1560 1683 1629 perficiat.
1746 1559 1811 1613 In

121 1636 271 1701 parte
302 1632 418 1684 XV.
443 1633 635 1685 Librae
669 1634 992 1702 quicumque
1022 1634 1271 1686 habuerit
1301 1633 1678 1703 horoscopum,
1709 1635 1811 1687 erit

54 1728 97 1760 20
122 1707 306 1778 regina
346 1707 458 1759 sine
497 1707 624 1760 filiis
664 1707 1055 1778 oligochronia3
1094 1706 1410 1760 biothanata
1447 1712 1620 1761 morte
1652 1710 1810 1762 mori-

117 1784 252 1834 etur.
314 1779 379 1833 In
416 1784 566 1849 parte
598 1780 742 1834 XVI.
774 1781 968 1835 Librae
1008 1782 1330 1850 quicumque
1371 1781 1618 1835 habuerit
1655 1782 1811 1836 horo-

121 1873 356 1923 scopum,
395 1855 496 1907 erit
534 1857 839 1925 negotiator
877 1857 970 1908 sed
1010 1857 1102 1923 qui
1141 1857 1448 1926 peregrinas
1489 1875 1690 1910 merces
1722 1857 1810 1909 ad-

120 1928 281 1981 vehat
320 1947 540 1997 semper.
618 1928 679 1981 In
723 1933 876 1999 parte
914 1928 1086 1982 XVII.
1127 1930 1318 1983 Librae
1359 1932 1682 1999 quicumque
1719 1931 1860 1984 ha-6

120 2002 298 2055 buerit
345 2003 716 2071 horoscopum,
761 2005 818 2056 in
866 2004 1270 2073 septentrionali
1315 2004 1520 2058 scilicet
1559 2008 1725 2074 parte,
1765 2007 1810 2058 si

54 2098 96 2130 25
121 2076 273 2128 Luna
311 2077 444 2129 bene
483 2078 663 2146 posita
708 2079 774 2130 ad
820 2078 1095 2131 benivolas
1141 2079 1300 2146 plena
1347 2078 1548 2131 lumine
1594 2080 1810 2147 feratur,

120 2150 283 2203 faciet
343 2151 611 2204 litteratos
675 2152 877 2204 scribas
931 2169 1136 2221 regum,
1189 2154 1276 2204 vel
1328 2152 1521 2221 quibus
1574 2153 1809 2206 dictandi

122 2226 472 2276 conmittatur
522 2225 785 2294 officium,
839 2244 1034 2296 magno
1082 2226 1382 2278 nobilitatis
1436 2226 1638 2281 honore
1693 2245 1810 2296 per·

123 2300 349 2366 spicuos
427 2297 490 2351 In
529 2297 727 2351 XVIII.
766 2303 918 2368 parte
958 2300 1150 2352 Librae
1190 2301 1514 2369 quicumque
1560 2301 1809 2354 habuerit

243 2450 264 2486 1
300 2443 628 2487 lacerabuntur
659 2447 697 2487 Δ
758 2449 762 2499 Ι
820 2445 938 2490 VIII.
971 2461 1014 2502 p.
1050 2450 1123 2488 Gv
1274 2451 1298 2489 3
1330 2446 1638 2490 mediastinus
1670 2451 1710 2492 Δ
1711 2448 1806 2549 Ncf.

122 2504 184 2546 ad
209 2506 312 2557 324,
336 2516 357 2545 8
414 2505 419 2558 Ι
475 2503 551 2546 ΙΧ.
577 2518 622 2559 p.
653 2506 698 2546 Γ
834 2509 859 2546 5
893 2518 999 2560 pars
1033 2505 1175 2548 etiam
1212 2507 1278 2562 P]
1311 2519 1420 2562 pars
1451 2511 1485 2548 D
1525 2508 1751 2561 partesN

122 2562 296 2618 peritos
328 2563 622 2606 vehementer
646 2565 684 2605 Δ
809 2568 833 2606 6
868 2563 920 2606 X.
947 2579 989 2620 p
1023 2566 1104 2607 ΓΙ)
1228 2570 1281 2608 10
1315 2565 1679 2609 habuerint..
1713 2579 1807 2608 mo-

121 2621 300 2664 rientur
333 2623 370 2663 A
431 2623 436 2676 Ι
493 2621 716 2676 ydropica
748 2624 787 2664 Δ
917 2629 967 2665 11
1002 2623 1221 2666 habuerit
1254 2659 1262 2667 .
1292 2659 1300 2667 .
1328 2659 1338 2667 .
1371 2625 1632 2667 versabitur
1656 2640 1707 2681 p)
1711 2630 1807 2681 opt.

122 2681 263 2724 olaus.
298 2694 323 2722 σ
447 2684 499 2722 13
532 2680 650 2723 XIII.
682 2696 726 2736 p.
758 2683 803 2723 Γ
920 2687 974 2725 15
1006 2682 1056 2725 in
1087 2696 1171 2726 sua
1201 2698 1268 2738 pr.
1303 2685 1391 2726 aet.
1418 2686 1457 2726 Δ
1491 2684 1539 2725 in
1571 2698 1638 2739 pr.
1673 2685 1763 2728 aet.
1789 2686 1812 2736 ζ

185 2743 238 2781 16
271 2740 377 2782 add.
411 2754 438 2781 a
495 2742 500 2794 Ι
560 2752 643 2782 sua
675 2754 757 2784 om.
793 2743 831 2783 A
891 2743 896 2796 Ι
954 2741 1072 2784 XIV.
1105 2756 1150 2797 p.
1188 2744 1233 2785 Γ
1351 2747 1404 2785 18
1438 2742 1623 2785 artificii
1656 2743 1809 2798 splen-

122 2797 232 2840 dore
257 2798 332 2855 κζ]
367 2798 558 2841 artificis
583 2799 777 2855 pignore
901 2804 953 2842 19
984 2800 1079 2843 XV.
1104 2815 1147 2856 p.
1179 2802 1225 2843 Γ
1267 2803 1273 2857 Ι
1323 2801 1604 2857 quicumque
1631 2838 1638 2844 .
1669 2837 1676 2843 .
1704 2837 1712 2845 .
1738 2816 1808 2846 re-

121 2857 232 2912 gina
269 2863 520 2912 suspectum
671 2862 723 2900 21
768 2857 887 2901 XVI.
920 2858 968 2903 L.
1001 2874 1046 2915 p.
1076 2861 1123 2902 Γ
1162 2859 1279 2903 XVI.
1314 2876 1355 2916 p.
1391 2860 1438 2903 L.
1473 2864 1511 2902 N
1566 2863 1573 2916 Ι
1630 2859 1806 2904 horose.

122 2915 228 2959 hab.
263 2919 301 2959 A
425 2920 479 2959 23
515 2915 651 2959 XVII.
686 2917 733 2959 L.
766 2931 812 2972 p.
847 2919 892 2959 Γ
1006 2923 1061 2961 25
1095 2919 1154 2962 ad
1187 2918 1426 2962 benivolas
1458 2920 1560 2977 AN]
1593 2933 1647 2963 ac
1678 2919 1808 2963 beni-

120 2974 226 3017 vola
257 2979 374 3016 DGv
431 2979 435 3029 ι
492 2974 643 3018 beniv.
678 2975 908 3033 (stellas)
942 2990 967 3019 σ
1089 2981 1143 3017 27
1174 2991 1372 3032 magnae
1405 2982 1441 3019 A
