2090 3198
823 154 931 199 VIII
961 159 1032 211 2ο,
1058 168 1078 199 2
1098 165 1172 199 —9.
1733 154 1840 207 321

149 276 312 329 Tauri
352 276 676 345 quicumque
711 276 998 328 habuerint
1029 276 1406 345 horoscopum,
1446 279 1602 327 erunt
1634 275 1841 328 steriles

150 354 203 403 et
254 350 448 420 quibus
500 369 708 419 semper
756 349 858 402 filii
909 349 1250 420 denegentur.
1330 348 1532 412 Quodsi
1586 349 1730 401 Mars
1785 349 1842 402 in

149 425 268 494 ipsa
305 427 456 493 parte
496 424 671 493 fuerit,
718 427 812 476 aut
850 442 916 476 ex
955 424 1065 476 alto
1106 423 1351 476 cadentes
1392 426 1484 475 aut
1523 423 1582 475 in
1618 422 1841 476 humido

147 498 268 551 loco
307 499 393 551 vel
430 499 487 551 in
524 515 663 567 aqua
702 497 1012 550 morientur.
1081 495 1147 550 In
1184 501 1336 567 parte
1375 496 1491 550 XX.
1527 497 1690 549 Tauri
1729 497 1893 566 qui-6

105 593 126 627 ⁶
152 591 378 641 cumque
416 571 701 625 habuerint
738 572 1113 640 horoscopum,
1165 574 1320 624 erunt
1358 571 1515 623 foeda
1553 571 1843 640 inpuritate

150 646 360 716 polluti,
400 646 604 699 cinaedi
642 645 848 699 miseris
886 645 1202 699 libidinibus
1243 646 1547 698 servientes.
1622 645 1679 697 Si
1718 663 1841 698 vero

150 720 391 774 mulieris
442 720 605 772 fuerit
654 721 760 772 ista
807 720 1075 788 genitura,
1122 719 1339 790 publice
1385 719 1742 788 prostituetur
1787 720 1843 772 in

150 795 367 847 fornice.
451 792 514 846 In
568 797 719 863 parte
774 792 917 846 XXI.
969 793 1131 846 Tauri
1183 794 1503 863 quicumque
1558 793 1844 846 habuerint

151 869 525 938 horoscopum,
555 868 786 921 lanceati
816 868 1128 921 morientur.
1196 867 1260 921 In
1292 871 1444 937 parte
1475 866 1646 919 XXII.
1679 867 1843 920 Tauri

85 963 128 996 ιο
154 944 475 1012 quicumque
502 942 787 995 habuerint
818 943 1194 1011 horoscopum,
1226 945 1384 995 erunt
1414 941 1688 1012 gibberosi
1718 941 1843 994 ridi—

153 1017 260 1070 culi
303 1021 357 1070 et
395 1016 710 1070 biothanati.
787 1015 850 1069 In
893 1020 1043 1085 parte
1081 1014 1279 1070 XXIII.
1319 1015 1483 1069 Tauri
1522 1016 1843 1085 quicumque
1864 1019 1893 1070 7

151 1092 437 1144 habuerint
482 1090 867 1160 horoscopum,
918 1094 1075 1143 erunt
1120 1109 1250 1144 voce
1295 1091 1443 1143 rauci
1487 1090 1728 1159 lenoneS,
1775 1091 1844 1143 ci-

150 1165 307 1218 naedi
345 1164 598 1218 infamiae
638 1182 846 1233 semper
883 1165 1004 1217 labe
1042 1165 1254 1234 polluti.
1325 1163 1529 1227 Quodsi
1566 1164 1845 1218 benivolae

152 1242 337 1292 stellae
391 1242 484 1292 aut
536 1239 591 1291 in
646 1239 763 1308 ipso
818 1240 938 1293 loco
993 1239 1220 1308 fuerint,
1274 1243 1367 1292 aut
1419 1239 1564 1292 hunc
1618 1239 1843 1291 eundem

84 1332 127 1367 15
152 1315 327 1366 locum
366 1313 632 1383 trigonica
669 1313 967 1366 radiatione
1006 1314 1358 1383 respexerint,
1409 1317 1565 1366 erunt
1601 1313 1843 1384 tragoedi

151 1387 393 1441 comoedi
435 1388 708 1456 †ceruces.
784 1386 850 1440 In
887 1390 1038 1456 parte
1076 1387 1269 1440 XXIV.
1311 1387 1473 1440 Tauri
1521 1389 1844 1456 quicumque

149 1461 437 1514 habuerint
495 1461 870 1531 horoscopum,
933 1465 1086 1514 erunt
1147 1462 1350 1516 musici.
1444 1462 1548 1514 Sed
1604 1463 1649 1515 si
1701 1461 1847 1514 hunc

151 1536 376 1589 eundem
414 1535 592 1588 locum
623 1535 906 1589 malivolae
939 1539 1124 1590 stellae
1155 1536 1493 1606 radiaverint,
1532 1536 1846 1589 biothanata

152 1613 323 1663 morte
376 1611 684 1663 morientur.
761 1609 823 1662 In
878 1614 1030 1680 parte
1084 1610 1251 1662 XXV.
1304 1610 1467 1663 Tauri
1523 1611 1846 1679 quicumque
1864 1613 1895 1666 8

85 1702 128 1735 20
154 1684 437 1738 habuerint
484 1683 867 1754 horoscopum,
918 1688 1074 1738 erunt
1123 1685 1354 1738 fullones
1402 1687 1495 1737 aut
1544 1688 1683 1738 certe
1729 1689 1845 1738 ton-

153 1777 311 1811 sores.
384 1756 447 1810 In
478 1762 629 1827 parte
660 1757 855 1811 XXVI.
888 1758 1051 1812 Tauri
1085 1759 1407 1828 quicumque
1437 1759 1724 1812 habuerint
1753 1759 1846 1812 ho-

151 1851 458 1902 roscopum,
509 1834 746 1886 extincto
794 1852 900 1885 uno
955 1834 1108 1886 oculo
1157 1834 1319 1886 etiam
1365 1833 1513 1885 surdi
1563 1834 1707 1886 fient.
1784 1832 1847 1885 In

152 1910 302 1976 parte
334 1904 557 1959 XXVII.
593 1907 755 1959 Tauri
789 1908 1111 1976 quicumque
1148 1907 1435 1960 habuerint
1472 1907 1846 1976 horoscopum,

154 1984 310 2032 erunt
347 1980 667 2049 pantomimi
705 1982 797 2034 sed
837 1981 1056 2035 cinaedi.
1117 1980 1180 2033 In
1218 1985 1369 2050 parte
1404 1980 1652 2034 XXVIII.
1685 1981 1846 2034 Tauri

86 2071 128 2104 25
155 2055 476 2123 quicumque
514 2054 798 2107 habuerint
836 2056 1218 2124 horoscopum,
1265 2055 1435 2108 multa
1481 2056 1845 2125 possidebunt,

154 2127 378 2181 infinitis
423 2127 587 2181 lucris
635 2130 929 2197 acquisitus
977 2130 1084 2182 illis
1133 2129 1439 2183 divitiarum
1481 2130 1724 2182 cumulus
1764 2148 1844 2182 ac·

154 2202 317 2255 cedet.
396 2200 499 2254 Sed
537 2203 593 2255 in
631 2204 928 2271 posteriore
967 2207 1138 2256 aetate
1177 2207 1332 2255 erunt
1371 2204 1565 2256 miseri.

265 2274 411 2329 Inter
435 2293 631 2329 cornua
656 2276 818 2329 Tauri
851 2279 1172 2346 quicumque
1196 2278 1445 2330 habuerit
1468 2277 1844 2347 horoscopum,
1862 2280 1895 2331 9

276 2426 297 2463 1
329 2421 436 2465 hab.
461 2421 637 2465 horosc.
661 2422 727 2480 Γ]
752 2422 853 2467 nati
877 2423 1051 2466 fuerint
1073 2428 1112 2466 N
1135 2423 1354 2467 habuerit
1375 2424 1553 2468 horosc.
1580 2423 1844 2480 quicunque

155 2481 255 2524 nati
278 2480 452 2523 fuerint
474 2486 510 2523 D
536 2481 769 2537 (habuerit
793 2483 844 2525 in
867 2482 1118 2526 habuerint
1139 2497 1252 2528 corr.
1278 2489 1318 2528 et
1342 2484 1464 2538 quic.
1489 2498 1532 2525 n.
1551 2482 1582 2528 f.
1608 2484 1692 2527 del.
1710 2483 1784 2539 ΒΞ)

156 2545 181 2582 2
216 2553 398 2596 semper
420 2554 504 2584 om.
530 2543 569 2583 Δ
693 2545 719 2583 4
751 2541 825 2585 vel
854 2542 920 2599 Γ]
955 2544 1036 2585 aut
1061 2545 1100 2585 Δ
1225 2547 1249 2585 9
1283 2541 1477 2586 lacerati
1509 2558 1536 2584 a
1660 2548 1710 2584 11
1746 2542 1843 2586 bio-

156 2599 341 2642 thanati
372 2599 629 2642 morientur
651 2602 690 2643 Δ
818 2605 871 2644 16
905 2615 1090 2645 ceruces
1114 2603 1208 2659 An]
1241 2604 1420 2645 cerutes
1447 2607 1481 2643 G
1519 2603 1671 2645 truces
1695 2617 1724 2643 v
1755 2609 1843 2658 (ce-

154 2672 286 2702 ruces
312 2684 365 2690 —
393 2661 528 2701 erunt
554 2672 638 2702 om.
662 2662 717 2715 N)
751 2659 961 2703 ceraulae
986 2677 1013 2703 κ
1043 2662 1212 2704 teretes
1239 2663 1263 2713 ζ
1382 2667 1436 2704 18
1468 2661 1566 2703 rad.
1601 2660 1718 2703 stell.
1746 2665 1785 2702 N

157 2723 210 2760 21
238 2723 279 2761 et
303 2721 358 2760 23
387 2716 563 2760 horosc.
589 2717 694 2762 hab.
727 2721 771 2762 Γ
886 2724 940 2762 26
974 2719 1185 2763 cumulus
1211 2719 1478 2763 divitiarum
1503 2722 1543 2762 A
1594 2723 1600 2774 Ι
1651 2719 1845 2763 accedat

156 2779 196 2820 A
220 2777 462 2832 praefert&
483 2778 563 2832 qui
580 2776 703 2835 (ut)
720 2777 917 2821 infinitis
935 2778 1071 2837 (<et>
1089 2779 1214 2822 infin.
1234 2781 1274 2834 6)
1397 2783 1449 2821 27
1478 2779 1723 2834 posteriori
1747 2778 1799 2820 A'
1836 2802 1837 2817 ;

148 2842 255 2892 post
284 2835 442 2878 miseri
479 2837 632 2891 spatia
671 2838 969 2893 complurium
1000 2838 1226 2882 linearum
1258 2852 1403 2882 ‘vacua
1434 2839 1712 2893 reliquerunt
1743 2840 1782 2880 A

157 2899 214 2937 28
247 2908 417 2938 cornua
448 2894 498 2937 id
530 2896 600 2938 est
630 2895 782 2950 prima
805 2898 853 2939 et
877 2896 1081 2939 secunda
1103 2899 1237 2952 parte
1262 2896 1401 2940 Tauri
1430 2902 1464 2938 Ι)
1496 2898 1647 2952 (immo
1671 2911 1844 2941 cornua

156 2959 265 2998 sunt
287 2955 337 2996 in
359 2959 477 3008 part.
508 2954 690 2997 XXIX
712 2961 752 2998 et
779 2956 942 3008 XXX,
967 2961 1089 2999 errat
1114 2956 1348 3000 Fir-micus
1364 2971 1412 3012 p.
1438 2959 1545 3008 238,
1570 2957 1606 3011 3)

248 3035 456 3076 anncus,
481 3035 564 3067 edd.
589 3035 745 3076 Kroll,
772 3037 978 3069 Skutsch
1003 3041 1039 3068 et
1063 3037 1265 3077 Ziegler.
1302 3038 1353 3068 H.
1521 3034 1574 3072 21
