2066 3192
792 143 856 188 VI
887 149 928 201 8,
954 149 1078 200 1-—9‚
1101 156 1135 189 5.
1727 146 1799 199 83

108 267 285 320 sidens
324 269 553 335 partem,
590 264 835 335 Iuppiter
873 284 998 319 vero
1038 266 1094 318 in
1135 266 1352 319 sinistro
1394 266 1652 335 quadrato
1692 267 1799 321 fac-

107 344 194 394 tus
233 340 477 394 videatur
513 341 749 408 inferior,
789 343 842 393 et
879 340 1021 392 vitae
1060 339 1371 393 discrimina
1403 341 1707 411 decernunt,
1746 346 1799 395 et

107 414 418 484 patrimonii
457 414 811 468 substantiam
849 414 1114 483 minuunt,
1154 417 1207 467 et
1246 415 1426 467 omnia
1464 433 1648 469 eorum
1681 434 1802 469 con-

109 490 229 542 silia
276 490 332 541 in
377 507 602 558 pravum
659 491 896 558 vertunt,
943 491 1093 541 actus
1140 488 1443 559 inpediunt,
1495 492 1549 542 et
1595 493 1802 544 mentes

63 585 83 618 5
108 582 292 616 eorum
339 563 500 615 variis
548 562 708 615 animi
760 563 1179 615 dissensionibus
1228 564 1564 634 conturbant,
1616 567 1668 617 et
1713 583 1802 634 pa-

108 640 215 691 tres
283 637 432 690 vario
501 655 694 708 genere
753 637 1073 690 calamitatis
1135 637 1459 707 inpugnant,
1526 642 1803 708 paternam

108 712 267 765 etiam
318 711 673 764 substantiam
720 712 883 765 variis
928 711 1341 764 lacerationibus
1388 712 1664 782 dissipant.
1743 712 1851 767 Si3

107 805 233 840 vero
279 784 521 855 Iuppiter
574 787 817 856 superior
865 786 1081 838 effectus
1129 789 1183 839 et
1230 786 1474 839 dextrum
1522 788 1800 856 possidens

107 862 248 914 latus
313 859 599 913 Saturnum
661 862 716 913 in
768 860 985 914 sinistro
1038 861 1298 929 quadrato
1348 861 1586 931 positum
1632 879 1804 931 respe-

42 958 85 989 ιο
108 936 261 1002 xerit,
291 935 719 1003 praecedentium
753 934 1115 988 calamitatum
1146 934 1441 988 infortunia
1472 937 1804 1006 mitigantur,

108 1012 163 1062 et
207 1012 454 1078 parentes
502 1009 682 1078 aliquo
731 1009 933 1079 gloriae
981 1013 1036 1061 et
1080 1009 1254 1061 laudis
1295 1009 1576 1079 splendore
1615 1011 1805 1064 nobili-

107 1086 314 1154 tantur,
365 1087 418 1135 et
456 1102 554 1152 pro
595 1102 843 1136 mensura
882 1084 1160 1154 geniturae
1199 1084 1493 1138 cottidiana
1531 1086 1802 1138 lucrorum

107 1158 216 1211 illis
257 1156 645 1227 [in]commoda
685 1159 1046 1211 conferuntur.

221 1231 558 1301 [Saturnus
599 1235 659 1284 et
699 1231 863 1284 Mars
905 1231 1238 1302 quadrati]
1319 1231 1378 1285 Si
1418 1233 1678 1286 Saturnus
1718 1237 1984 1290 ets01.69011

42 1328 83 1362 15
106 1306 248 1359 Mars
290 1307 548 1375 quadrata
585 1307 787 1359 fuerint
824 1306 1119 1359 radiatione
1159 1307 1451 1375 coniuncti,
1502 1311 1555 1360 et
1602 1308 1674 1361 sit
1713 1306 1857 1362 Sa-4

108 1384 300 1433 turnus
340 1382 582 1450 superior
621 1381 856 1449 effectuS,
896 1399 955 1433 ac
995 1381 1240 1433 dextrum
1283 1382 1598 1450 quadratum
1637 1383 1805 1452 possi-

110 1455 238 1508 dens
294 1455 520 1524 [locum]
584 1455 641 1507 in
702 1455 918 1509 sinistro
975 1455 1232 1524 quadrato
1287 1455 1512 1509 Martem
1567 1456 1803 1526 positum

110 1530 303 1583 minaci
343 1529 640 1582 radiatione
679 1530 987 1599 respexerit,
1027 1548 1211 1582 omnes
1250 1533 1400 1583 actus
1440 1549 1505 1583 ex
1544 1531 1648 1584 ista
1684 1549 1805 1584 con-

114 1603 384 1657 iunctione
423 1604 684 1657 inefficaci
717 1604 893 1658 studio
934 1622 1143 1673 semper
1174 1604 1469 1674 inpediunt,
1510 1608 1562 1658 et
1600 1606 1806 1659 faciunt

42 1701 85 1733 20
110 1679 174 1731 ab
238 1679 385 1731 omni
444 1679 782 1750 negotiorum
838 1679 1017 1732 officio
1074 1696 1283 1748 semper
1336 1679 1533 1750 frigido
1588 1683 1804 1750 torpore

108 1754 301 1806 mentis
363 1754 577 1806 alienos.
676 1751 1055 1823 Aegritudines
1118 1754 1277 1806 etiam
1341 1754 1549 1807 diverso
1610 1755 1854 1825 genere5

229 1931 290 1986 (3)
322 1931 589 1974 ἐλαττοῦται
626 1929 685 1973 τὰ
724 1928 953 1986 κτήματα·
1000 1927 1378 1985 ἐπικρατέστερος
1415 1929 1504 1987 γὰρ
1545 1929 1804 1984 εὑρίσκεται

111 1988 134 2033 ὁ
167 1989 423 2039 κακοποιὸς
454 1990 533 2032 διὰ
572 1989 657 2045 τὴν
689 1986 1118 2045 καθυπερτέρησιν·
1161 1987 1277 2034 ὅθεν
1317 1990 1397 2033 καὶ
1430 1988 1682 2046 ὀγκωτικός
1710 1990 1801 2047 (ἐγ-

110 2048 328 2099 κοπτικὸς
359 2066 385 2093 κ
418 2063 472 2093 eae
502 2049 703 2093 Firmici
742 2051 872 2092 actus
913 2047 1194 2105 impediunt)
1234 2050 1356 2094 ἐστιν
1394 2056 1485 2093 τῶν
1517 2049 1801 2107 πραγμάτων

111 2108 189 2151 καὶ
237 2105 615 2166 ἐναντιοβουλίας
660 2115 804 2152 ποιεῖ·
850 2107 931 2152 καὶ
973 2108 1055 2152 τὸν
1102 2105 1282 2163 πατέρα
1330 2109 1380 2152 δὲ
1432 2115 1571 2152 κακοῑ
1615 2109 1695 2152 καὶ
1743 2109 1800 2152 τὰ

110 2166 313 2222 πατρικὰ
354 2165 562 2224 φθείρει·
708 2168 749 2211 εἰ
789 2164 840 2210 δὲ
881 2165 905 2211 ὁ
945 2174 1029 2210 τοῦ
1062 2167 1177 2219 Διὸς
1216 2167 1299 2211 τὸν
1340 2166 1525 2223 Κρόνον
1562 2171 1799 2222 καθυπερ-

110 2234 245 2282 τερεῑ,
289 2225 438 2283 ἥττων
480 2226 508 2282 ἡ
553 2226 773 2277 κάκωσις·
821 2225 898 2270 ἴσα
934 2224 1115 2283 (δίδωσι
1146 2225 1171 2270 ,9
1195 2229 1239 2283 κ)
1277 2227 1364 2283 γάρ
1406 2244 1512 2271 τινα
1555 2231 1619 2287 τῷ
1660 2229 1801 2283 πατρὶ

112 2286 324 2331 εὔκλειαν
371 2286 450 2330 καὶ
491 2289 553 2345 τῷ
592 2286 729 2331 παιδὶ
774 2292 856 2330 τοῦ
906 2283 1076 2343 χρόνου
1124 2294 1371 2340 προϊοντος
1413 2285 1519 2345 βίου
1557 2287 1802 2343 προκοπὴν

111 2345 316 2402 μερικήν.
412 2349 465 2389 18
499 2348 605 2399 165,
632 2350 685 2389 11
718 2348 781 2405 τῷ
807 2361 855 2389 τε
881 2347 1052 2401 σώματι
1080 2345 1363 2401 φρικαλέους
1386 2353 1513 2390 ποιεῖ
1534 2347 1613 2390 καὶ
1636 2345 1801 2402 πυρέτ-

113 2478 267 2522 sident
298 2483 423 2521 Bon
447 2480 610 2524 Patav.
666 2478 907 2535 possideat
937 2483 973 2521 D
1005 2480 1070 2535 (et
1101 2478 1141 2522 si
1173 2479 1384 2535 superior
1416 2479 1509 2523 Sat.
1543 2514 1553 2524 .
1573 2516 1611 2526 ..
1645 2493 1801 2536 posse-

114 2538 235 2582 derit
259 2540 300 2595 6)
364 2538 388 2598 ΙΙ
453 2544 477 2582 2
509 2538 694 2582 videtur
722 2541 768 2582 Γ
883 2543 909 2581 4
941 2538 1190 2594 inparuum
1221 2540 1288 2582 vel
1318 2539 1570 2595 imparium
1601 2542 1641 2582 Δ
1670 2542 1676 2596 Ι
1704 2554 1801 2583 ver-

112 2599 219 2641 tunt
249 2599 306 2657 A]
338 2597 411 2640 vel
440 2600 552 2641 tunc
584 2603 660 2642 cet.
688 2599 963 2641 convertunt
994 2611 1020 2640 σ
1046 2599 1053 2653 Ι
1081 2599 1260 2640 mentes
1293 2600 1340 2641 et
1371 2600 1411 2641 Δ
1497 2602 1522 2640 5
1555 2598 1749 2642 turbant
1780 2601 1804 2651 ζ

114 2657 186 2712 (cf.
206 2661 232 2698 4
257 2658 560 2701 coniecturam
586 2658 625 2713 σ)
654 2659 659 2712 Ι
687 2657 864 2714 patres]
889 2659 1106 2712 parentes
1123 2661 1162 2699 N
1185 2670 1321 2713 pares
1339 2661 1376 2699 A
1486 2662 1508 2700 7
1535 2657 1735 2714 dissipat
1759 2661 1798 2700 Δ

116 2719 140 2758 9
166 2715 392 2759 Saturnus
416 2716 466 2759 in
491 2716 678 2760 sinistro
702 2716 751 2759 in
770 2718 809 2758 Δ
906 2719 959 2758 10
984 2716 1315 2771 praecedentia
1333 2719 1372 2759 A
1468 2722 1519 2760 11
1547 2716 1802 2760 nobilitant

115 2779 189 2817 GN
204 2776 438 2820 clausulae
454 2777 620 2832 aptius.
695 2779 748 2818 13
781 2789 893 2819 corr.
918 2774 977 2816 11²
1004 2775 1010 2832 Ι
1038 2775 1337 2818 conferantur
1361 2775 1528 2830 (defer-
1553 2778 1610 2831 A)
1635 2790 1747 2820 corr.
1772 2792 1801 2819 v

113 2835 181 2890 (ut
199 2848 286 2890 pro
311 2836 359 2878 et
382 2836 409 2879 l.
431 2840 483 2878 12
509 2837 553 2891 σ)
616 2840 669 2877 15
704 2834 765 2878 sit
788 2848 870 2878 om.
898 2837 936 2877 A
1003 2839 1056 2877 17
1090 2835 1172 2878 del.
1199 2850 1226 2876 a
1288 2840 1343 2877 20
1369 2835 1524 2878 studio
1551 2835 1703 2878 officio
1729 2838 1768 2879 A
1791 2837 1795 2893 ξ

115 2906 295 2949 semper
326 2909 408 2938 om.
439 2896 513 2950 ΓΙ
542 2907 731 2950 corpore
756 2907 868 2938 corr.
894 2908 923 2935 v
954 2894 1124 2949 (utrum
1158 2907 1182 2936 c
1214 2908 1277 2937 an
1309 2896 1329 2936 t
1360 2894 1566 2938 emhibeat
1589 2898 1625 2936 A
1656 2897 1799 2939 ineer-

31 2996 34 2998 ,
114 2955 224 3009 tum)
317 2959 369 2996 21
405 2952 574 2996 mentis
611 2953 676 3011 Γ]
709 2952 887 2996 meritis
913 2955 952 2995 A

1478 3027 1534 3070 6*
