2078 3174
806 100 870 145 VI
901 106 971 155 25,
997 105 1150 158 2—26,
1175 115 1211 148 1.
1744 99 1850 152 129

154 221 353 291 berata,
390 221 562 274 renati
599 220 819 274 luminis
856 221 1028 274 libera
1061 223 1372 274 ornamenta
1402 221 1757 288 circumferat,
1799 223 1853 272 et

156 295 214 347 in
259 295 444 349 eodem
491 294 647 365 signo
696 313 816 348 cum
865 294 990 348 Sole
1036 295 1107 348 sit
1152 295 1355 364 pariter
1402 297 1677 365 collocata,
1724 294 1853 346 facit

157 370 397 422 efficaces
436 372 488 422 et
528 368 708 421 omnia
743 369 1088 439 negotiorum
1121 369 1300 421 officia
1328 371 1637 438 tractanteS,
1669 371 1723 420 et
1757 368 1853 436 qui

155 443 312 497 facile
351 442 529 497 omnia
569 442 848 512 dignitatis
886 442 1122 514 insignia
1161 446 1567 512 consequantur.
1636 441 1694 495 Si
1725 459 1851 495 vero

110 538 131 571 5
157 516 282 571 Sole
320 517 378 570 in
414 516 713 570 masculino
754 518 910 587 signo
951 517 1246 570 constituto
1286 520 1471 570 renata
1509 517 1662 570 Luna
1703 516 1855 569 femi-

152 592 268 644 nini
306 590 516 662 generis
558 591 903 660 occupaverit
941 591 1173 662 signum,
1210 591 1372 644 faciet
1410 590 1736 660 principales
1767 591 1854 642 vel

153 666 422 735 principes
461 665 754 732 civitatum,
797 664 941 718 claro
982 665 1283 718 nobilitatis
1323 665 1608 734 splendore
1645 664 1855 735 fulgen-

154 743 258 807 tes,
305 739 566 809 sapientia
613 743 667 792 et
711 741 997 809 praeconio
1036 739 1296 793 bonitatis
1338 742 1580 808 ornatos,
1626 742 1680 792 et
1717 737 1852 791 tales

156 813 248 883 qui
287 832 451 883 purae
488 831 550 866 ac
585 813 723 866 fidae
755 813 1022 866 amicitiae
1054 814 1274 867 affectus
1308 832 1520 882 semper
1550 813 1853 881 exhibeant,

87 909 131 942 10
156 890 303 942 casto
342 906 405 942 ac
442 888 636 957 pudico
670 887 935 941 amicitiae
967 888 1239 941 consortio
1274 887 1568 956 copulatos,
1639 886 1696 940 Si
1726 888 1904 941 veross

157 960 251 1014 Sol
297 964 352 1014 et
395 961 548 1015 Luna
594 961 859 1014 luminum
907 980 1128 1015 suorum
1173 962 1375 1015 fuerint
1419 961 1584 1015 radiis
1632 961 1855 1029 adversi,

154 1039 282 1088 tunc
328 1035 439 1088 vita
485 1039 770 1104 parentum
810 1056 837 1085 *
856 1056 883 1085 *
901 1056 927 1085 *
947 1056 974 1086 *
993 1057 1047 1106 *7
1097 1039 1151 1089 et
1198 1036 1424 1107 genialis
1472 1037 1578 1088 tori
1625 1036 1854 1089 societas

154 1110 317 1163 variis
364 1110 788 1164 dissensionibus
836 1114 1127 1180 separatur.
1206 1109 1264 1164 Si
1310 1129 1435 1164 vero
1477 1109 1571 1162 Sol
1610 1113 1664 1162 et
1701 1109 1857 1162 Luna

155 1201 411 1254 prospera
458 1184 660 1237 fuerint
709 1185 980 1237 radiorum
1031 1184 1285 1239 societate
1335 1185 1628 1253 coniuncti,
1678 1183 1735 1236 id
1774 1187 1854 1237 est

89 1279 130 1312 15
156 1259 369 1328 trigona
418 1258 557 1311 sicut
605 1262 729 1311 ante
780 1259 1035 1328 diximus,
1084 1277 1254 1328 usque
1299 1259 1367 1311 ad
1414 1259 1666 1311 ultimum
1710 1259 1854 1311 vitae

158 1332 298 1386 diem
337 1335 621 1402 parentum
661 1334 990 1386 consortium
1023 1333 1118 1386 fidi
1151 1333 1346 1387 amoris
1378 1333 1719 1402 copulatione
1751 1350 1855 1385 ser-

155 1410 326 1459 vatur.
404 1405 509 1460 Sed
547 1407 592 1460 si
632 1407 865 1461 adversis
907 1406 1031 1461 Sole
1077 1409 1279 1476 pariter
1317 1425 1378 1460 ac
1415 1407 1570 1460 Luna
1619 1407 1856 1460 medium

157 1499 341 1534 eorum
394 1482 572 1534 locum
627 1481 771 1533 Mars
826 1485 921 1535 aut
975 1480 1237 1535 Saturnus
1299 1482 1497 1534 minaci
1557 1480 1854 1534 radiatione

156 1555 477 1625 possederit,
525 1559 801 1608 aeternum
838 1556 1152 1625 parentibus
1192 1557 1429 1627 iurgium
1477 1559 1530 1609 et
1567 1558 1855 1625 perpetuae

89 1651 134 1683 20
158 1628 503 1684 dissensionis
545 1629 829 1683 discidium
869 1634 1234 1699 praeparatur.

906 1777 1102 1831 XXVI.

271 1865 684 1936 [Coniunctio
716 1867 987 1921 Veneris
1023 1871 1084 1921 et
1114 1867 1457 1938 Mercurii]
1499 1866 1557 1920 Si
1587 1866 1770 1920 Venus
1803 1868 1903 1921 etl

158 1941 455 1994 Mercurius
502 1942 560 1994 in
605 1942 789 1995 eodem
837 1942 993 2013 signo
1041 1943 1207 2011 positi
1263 1942 1532 2012 aequabili
1587 1942 1856 1995 societatis

158 2018 426 2084 potestate
465 2017 771 2087 iungantur,
810 2021 963 2087 grata
1001 2016 1244 2070 homines
1283 2020 1563 2070 venustate
1603 2016 1857 2068 condeco-

93 2108 135 2141 25
158 2092 280 2141 rant
327 2089 550 2160 [grata]‚
605 2093 658 2142 et
703 2090 838 2142 tales
886 2091 1127 2143 efficiunt
1174 2091 1267 2159 qui
1315 2091 1493 2143 omnia
1541 2108 1676 2159 quae
1724 2090 1856 2142 desi-

157 2163 345 2216 derant
382 2163 636 2217 facillime
676 2168 1083 2234 consequantur,
1123 2164 1214 2218 sed
1253 2183 1481 2233 quorum
1521 2164 1758 2216 animum
1792 2163 1858 2216 ad

158 2237 449 2290 multarum
484 2238 767 2291 mulierum
801 2239 1130 2292 consortium
1162 2257 1334 2308 prona
1364 2239 1557 2291 mentis
1590 2238 1855 2308 cupiditas

280 2403 335 2442 22
378 2402 482 2453 177,
505 2402 566 2443 24
600 2396 662 2443 ‘H
690 2399 741 2444 δὲ
772 2397 1039 2456 Ἀφροδίτης
1070 2400 1150 2443 καὶ
1176 2397 1351 2456 εΕρμψοῦ
1386 2397 1711 2456 συμπαρονσία
1743 2399 1854 2455 σύμ-

162 2474 330 2513 φωνος.
393 2461 484 2515 (24)
522 2457 741 2510 κωτίλους
787 2458 874 2517 γὰρ
923 2460 1003 2503 καὶ
1050 2458 1293 2516 εὐομίλους
1331 2460 1410 2503 καὶ
1448 2458 1694 2516 χαρίεντας
1732 2465 1859 2503 ποιεῖ

280 2610 305 2648 3
340 2606 574 2650 efficacias
604 2610 644 2648 N
744 2612 768 2650 6
803 2607 1052 2664 occupavit
1081 2612 1121 2650 Π
1225 2612 1251 2650 8
1286 2607 1547 2663 sapientiae
1578 2612 1617 2649 N
1712 2611 1736 2649 9
1768 2621 1853 2663 pu-

160 2679 264 2708 rum
293 2669 333 2707 N
364 2679 477 2710 corr.
503 2668 528 2717 ζ
626 2669 680 2709 10
714 2666 916 2710 consorti
947 2671 986 2709 N
1091 2672 1145 2710 12
1178 2668 1263 2711 lac.
1290 2671 1394 2711 stat.
1420 2669 1445 2718 ζ
1548 2671 1602 2709 13
1635 2679 1853 2721 separan-

160 2725 238 2767 tur
267 2727 307 2766 R
338 2738 451 2769 corr.
484 2741 511 2767 κ
672 2730 726 2768 15
759 2725 991 2782 trigonica
1023 2730 1048 2778 ζ
1205 2731 1258 2770 17
1293 2726 1467 2770 aversis
1498 2730 1537 2768 N
1568 2739 1681 2770 corr.
1715 2728 1740 2777 ζ

162 2786 217 2826 18
261 2785 344 2826 aut
376 2783 600 2827 Saturnus
632 2784 672 2842 ζ]
713 2797 741 2828 a
774 2784 972 2828 Saturno
1004 2789 1044 2827 R
1195 2790 1251 2829 20
1300 2785 1586 2828 dissensione
1618 2789 1656 2826 R
1687 2798 1799 2828 corr.
1834 2786 1859 2836 ζ

221 2846 277 2884 24
301 2842 543 2886 hominum
566 2843 825 2887 venustatis
848 2848 888 2886 N
911 2858 1024 2889 corr.
1049 2849 1092 2889 et
1113 2845 1198 2889 del.
1223 2847 1247 2897 ζ
1268 2844 1521 2902 (hominem
1545 2846 1587 2900 σ)
1702 2847 1759 2886 26
1784 2842 1855 2886 fa-

160 2900 318 2944 cilime
348 2906 388 2943 N
479 2906 534 2944 27
568 2902 828 2958 cupiditate
860 2907 899 2944 N
929 2917 1041 2947 corr.
1068 2904 1092 2956 ζ

249 2983 745 3026 qu1ci·s,edd.xr011,
771 2985 979 3018 Skutsch
1003 2989 1039 3016 et
1062 2986 1263 3026 ziegier.
1299 2985 1351 3017 11.
1560 2980 1584 3019 9
