<?xml version="1.0" encoding="UTF-8"?>
<!DOCTYPE html PUBLIC "-//W3C//DTD XHTML 1.0 Transitional//EN"
    "http://www.w3.org/TR/xhtml1/DTD/xhtml1-transitional.dtd">
<html xmlns="http://www.w3.org/1999/xhtml" xml:lang="en" lang="en">
 <head>
  <title>
</title>
<meta http-equiv="Content-Type" content="text/html;charset=utf-8" />
  <meta name='ocr-system' content='tesseract 3.04.00' />
  <meta name='ocr-capabilities' content='ocr_page ocr_carea ocr_par ocr_line ocrx_word'/>
</head>
<body>
  <div class='ocr_page' id='page_1' title='image "./matheseoslibrivi02firmuoft_0124.png"; bbox 0 0 2066 3192; ppageno 0'>
   <div class='ocr_carea' id='block_1_1' title="bbox 241 144 1198 198">
    <p class='ocr_par' dir='ltr' id='par_1_1' title="bbox 241 144 1198 198">
     <span class='ocr_line' id='line_1_1' title="bbox 241 144 1198 198; baseline 0.001 -11"><span class='ocrx_word' id='word_1_1' title='bbox 241 145 313 198; x_wconf 83' lang='lat'><strong>50</strong></span> <span class='ocrx_word' id='word_1_2' title='bbox 969 144 1198 188; x_wconf 77' lang='lat' dir='ltr'><strong>FIRMIci</strong></span> 
     </span>
    </p>
   </div>
   <div class='ocr_carea' id='block_1_2' title="bbox 66 266 2009 2488">
    <p class='ocr_par' dir='ltr' id='par_1_2' title="bbox 193 266 1998 708">
     <span class='ocr_line' id='line_1_2' title="bbox 242 266 1931 336; baseline -0.001 -17"><span class='ocrx_word' id='word_1_3' title='bbox 242 270 370 319; x_wconf 91' lang='lat' dir='ltr'><strong>tunc</strong></span> <span class='ocrx_word' id='word_1_4' title='bbox 409 267 648 336; x_wconf 87' lang='lat' dir='ltr'><strong>regimen</strong></span> <span class='ocrx_word' id='word_1_5' title='bbox 683 269 1110 335; x_wconf 72' lang='lat' dir='ltr'><strong>potestatemque</strong></span> <span class='ocrx_word' id='word_1_6' title='bbox 1142 266 1420 319; x_wconf 89' lang='lat' dir='ltr'><strong>hominum</strong></span> <span class='ocrx_word' id='word_1_7' title='bbox 1452 268 1764 336; x_wconf 81' lang='lat' dir='ltr'><strong>sortiuntur,</strong></span> <span class='ocrx_word' id='word_1_8' title='bbox 1803 269 1931 319; x_wconf 87' lang='lat' dir='ltr'><strong>tunc</strong></span> 
     </span>
     <span class='ocr_line' id='line_1_3' title="bbox 243 340 1930 410; baseline -0.001 -17"><span class='ocrx_word' id='word_1_9' title='bbox 243 342 298 393; x_wconf 92' lang='lat' dir='ltr'><strong>in</strong></span> <span class='ocrx_word' id='word_1_10' title='bbox 333 340 578 394; x_wconf 90' lang='lat' dir='ltr'><strong>omnibus</strong></span> <span class='ocrx_word' id='word_1_11' title='bbox 611 341 784 393; x_wconf 88' lang='lat' dir='ltr'><strong>causis</strong></span> <span class='ocrx_word' id='word_1_12' title='bbox 819 344 872 393; x_wconf 90' lang='lat' dir='ltr'><strong>et</strong></span> <span class='ocrx_word' id='word_1_13' title='bbox 902 341 957 393; x_wconf 90' lang='lat' dir='ltr'><strong>in</strong></span> <span class='ocrx_word' id='word_1_14' title='bbox 991 340 1239 393; x_wconf 90' lang='lat' dir='ltr'><strong>omnibus</strong></span> <span class='ocrx_word' id='word_1_15' title='bbox 1265 342 1516 410; x_wconf 83' lang='lat' dir='ltr'><strong>&lt;actuum</strong></span> <span class='ocrx_word' id='word_1_16' title='bbox 1541 341 1630 409; x_wconf 85' lang='lat' dir='ltr'><strong>et&gt;</strong></span> <span class='ocrx_word' id='word_1_17' title='bbox 1653 358 1930 393; x_wconf 90' lang='lat' dir='ltr'><strong>causarum</strong></span> 
     </span>
     <span class='ocr_line' id='line_1_4' title="bbox 244 413 1931 484; baseline -0.001 -16"><span class='ocrx_word' id='word_1_18' title='bbox 244 414 621 468; x_wconf 79' lang='lat' dir='ltr'><strong>certaminibus</strong></span> <span class='ocrx_word' id='word_1_19' title='bbox 644 415 871 468; x_wconf 88' lang='lat' dir='ltr'><strong>victores</strong></span> <span class='ocrx_word' id='word_1_20' title='bbox 897 414 1175 484; x_wconf 77' lang='lat' dir='ltr'><strong>exsistunt,</strong></span> <span class='ocrx_word' id='word_1_21' title='bbox 1193 418 1245 466; x_wconf 90' lang='lat' dir='ltr'><strong>et</strong></span> <span class='ocrx_word' id='word_1_22' title='bbox 1270 413 1522 483; x_wconf 91' lang='lat' dir='ltr'><strong>quicquid</strong></span> <span class='ocrx_word' id='word_1_23' title='bbox 1547 416 1710 468; x_wconf 90' lang='lat' dir='ltr'><strong>tacita</strong></span> <span class='ocrx_word' id='word_1_24' title='bbox 1733 415 1931 484; x_wconf 85' lang='lat' dir='ltr'><strong>cogita-</strong></span> 
     </span>
     <span class='ocr_line' id='line_1_5' title="bbox 193 488 1927 558; baseline -0.001 -16"><span class='ocrx_word' id='word_1_25' title='bbox 193 489 389 542; x_wconf 85' lang='lat' dir='ltr'><strong>3tione</strong></span> <span class='ocrx_word' id='word_1_26' title='bbox 429 490 789 557; x_wconf 77' lang='lat' dir='ltr'><strong>tractaverint,</strong></span> <span class='ocrx_word' id='word_1_27' title='bbox 820 489 875 542; x_wconf 93' lang='lat' dir='ltr'><strong>id</strong></span> <span class='ocrx_word' id='word_1_28' title='bbox 906 492 1079 542; x_wconf 88' lang='lat' dir='ltr'><strong>totum</strong></span> <span class='ocrx_word' id='word_1_29' title='bbox 1111 488 1367 541; x_wconf 86' lang='lat' dir='ltr'><strong>facillima</strong></span> <span class='ocrx_word' id='word_1_30' title='bbox 1398 489 1603 542; x_wconf 90' lang='lat' dir='ltr'><strong>ratione</strong></span> <span class='ocrx_word' id='word_1_31' title='bbox 1637 490 1927 558; x_wconf 78' lang='lat' dir='ltr'><strong>conpletur.</strong></span> 
     </span>
     <span class='ocr_line' id='line_1_6' title="bbox 243 563 1998 633; baseline 0 -18"><span class='ocrx_word' id='word_1_32' title='bbox 243 563 488 633; x_wconf 89' lang='lat' dir='ltr'><strong>Iuppiter</strong></span> <span class='ocrx_word' id='word_1_33' title='bbox 511 563 653 616; x_wconf 90' lang='lat' dir='ltr'><strong>enim</strong></span> <span class='ocrx_word' id='word_1_34' title='bbox 676 563 919 616; x_wconf 90' lang='lat' dir='ltr'><strong>homines</strong></span> <span class='ocrx_word' id='word_1_35' title='bbox 952 564 1081 616; x_wconf 86' lang='lat' dir='ltr'><strong>facit</strong></span> <span class='ocrx_word' id='word_1_36' title='bbox 1105 564 1388 631; x_wconf 89' lang='lat' dir='ltr'><strong>praeconio</strong></span> <span class='ocrx_word' id='word_1_37' title='bbox 1418 563 1677 616; x_wconf 87' lang='lat' dir='ltr'><strong>bonitatis</strong></span> <span class='ocrx_word' id='word_1_38' title='bbox 1703 566 1929 616; x_wconf 79' lang='lat' dir='ltr'><strong>ornatos,</strong></span> <span class='ocrx_word' id='word_1_39' title='bbox 1979 582 1998 615; x_wconf 86' lang='lat'><strong>5</strong></span> 
     </span>
     <span class='ocr_line' id='line_1_7' title="bbox 244 637 1934 708; baseline -0.001 -17"><span class='ocrx_word' id='word_1_40' title='bbox 244 637 534 691; x_wconf 89' lang='lat' dir='ltr'><strong>Habebunt</strong></span> <span class='ocrx_word' id='word_1_41' title='bbox 573 655 698 690; x_wconf 90' lang='lat' dir='ltr'><strong>sane</strong></span> <span class='ocrx_word' id='word_1_42' title='bbox 738 639 877 690; x_wconf 91' lang='lat' dir='ltr'><strong>circa</strong></span> <span class='ocrx_word' id='word_1_43' title='bbox 917 655 975 691; x_wconf 91' lang='lat' dir='ltr'><strong>os</strong></span> <span class='ocrx_word' id='word_1_44' title='bbox 1017 637 1282 706; x_wconf 88' lang='lat' dir='ltr'><strong>quoddam</strong></span> <span class='ocrx_word' id='word_1_45' title='bbox 1323 637 1550 708; x_wconf 89' lang='lat' dir='ltr'><strong>signum.</strong></span> <span class='ocrx_word' id='word_1_46' title='bbox 1626 637 1803 690; x_wconf 86' lang='lat' dir='ltr'><strong>Erunt</strong></span> <span class='ocrx_word' id='word_1_47' title='bbox 1845 656 1934 689; x_wconf 88' lang='lat' dir='ltr'><strong>au-</strong></span> 
     </span>
    </p>

    <p class='ocr_par' dir='ltr' id='par_1_3' title="bbox 176 711 2004 1451">
     <span class='ocr_line' id='line_1_8' title="bbox 176 711 1933 782; baseline 0 -18"><span class='ocrx_word' id='word_1_48' title='bbox 176 729 179 731; x_wconf 84' lang='lat'>·</span> <span class='ocrx_word' id='word_1_49' title='bbox 243 715 353 765; x_wconf 89' lang='lat' dir='ltr'><strong>tem</strong></span> <span class='ocrx_word' id='word_1_50' title='bbox 392 712 689 765; x_wconf 89' lang='lat' dir='ltr'><strong>alienorum</strong></span> <span class='ocrx_word' id='word_1_51' title='bbox 727 712 1172 781; x_wconf 84' lang='lat' dir='ltr'><strong>patrimoniorum</strong></span> <span class='ocrx_word' id='word_1_52' title='bbox 1206 711 1421 764; x_wconf 89' lang='lat' dir='ltr'><strong>domini.</strong></span> <span class='ocrx_word' id='word_1_53' title='bbox 1491 712 1666 764; x_wconf 84' lang='lat' dir='ltr'><strong>Erunt</strong></span> <span class='ocrx_word' id='word_1_54' title='bbox 1697 712 1933 782; x_wconf 85' lang='lat' dir='ltr'><strong>religiosi</strong></span> 
     </span>
     <span class='ocr_line' id='line_1_9' title="bbox 245 785 1934 839; baseline 0 -1"><span class='ocrx_word' id='word_1_55' title='bbox 245 787 301 838; x_wconf 86' lang='lat' dir='ltr'><strong>in</strong></span> <span class='ocrx_word' id='word_1_56' title='bbox 341 788 559 839; x_wconf 91' lang='lat' dir='ltr'><strong>deorum</strong></span> <span class='ocrx_word' id='word_1_57' title='bbox 610 785 758 838; x_wconf 93' lang='lat' dir='ltr'><strong>cultu</strong></span> <span class='ocrx_word' id='word_1_58' title='bbox 799 789 852 839; x_wconf 92' lang='lat' dir='ltr'><strong>et</strong></span> <span class='ocrx_word' id='word_1_59' title='bbox 906 804 1024 838; x_wconf 91' lang='lat' dir='ltr'><strong>cum</strong></span> <span class='ocrx_word' id='word_1_60' title='bbox 1081 786 1184 838; x_wconf 91' lang='lat' dir='ltr'><strong>fide</strong></span> <span class='ocrx_word' id='word_1_61' title='bbox 1232 787 1467 838; x_wconf 90' lang='lat' dir='ltr'><strong>omnium</strong></span> <span class='ocrx_word' id='word_1_62' title='bbox 1518 790 1718 839; x_wconf 89' lang='lat' dir='ltr'><strong>secreta</strong></span> <span class='ocrx_word' id='word_1_63' title='bbox 1766 804 1934 839; x_wconf 90' lang='lat' dir='ltr'><strong>serva·</strong></span> 
     </span>
     <span class='ocr_line' id='line_1_10' title="bbox 246 860 1935 931; baseline -0.001 -17"><span class='ocrx_word' id='word_1_64' title='bbox 246 861 395 930; x_wconf 87' lang='lat' dir='ltr'><strong>bunt,</strong></span> <span class='ocrx_word' id='word_1_65' title='bbox 442 864 496 913; x_wconf 89' lang='lat' dir='ltr'><strong>et</strong></span> <span class='ocrx_word' id='word_1_66' title='bbox 543 880 574 912; x_wconf 90' lang='lat' dir='ltr'><strong>a</strong></span> <span class='ocrx_word' id='word_1_67' title='bbox 619 861 1012 929; x_wconf 88' lang='lat' dir='ltr'><strong>potentioribus</strong></span> <span class='ocrx_word' id='word_1_68' title='bbox 1067 860 1195 913; x_wconf 90' lang='lat' dir='ltr'><strong>viris</strong></span> <span class='ocrx_word' id='word_1_69' title='bbox 1243 860 1328 912; x_wconf 92' lang='lat' dir='ltr'><strong>vel</strong></span> <span class='ocrx_word' id='word_1_70' title='bbox 1375 879 1404 912; x_wconf 86' lang='lat' dir='ltr'><strong>a</strong></span> <span class='ocrx_word' id='word_1_71' title='bbox 1449 861 1665 931; x_wconf 86' lang='lat' dir='ltr'><strong>regibus</strong></span> <span class='ocrx_word' id='word_1_72' title='bbox 1714 861 1779 912; x_wconf 93' lang='lat' dir='ltr'><strong>ad</strong></span> <span class='ocrx_word' id='word_1_73' title='bbox 1824 879 1935 912; x_wconf 89' lang='lat' dir='ltr'><strong>ma-</strong></span> 
     </span>
     <span class='ocr_line' id='line_1_11' title="bbox 246 934 2003 1006; baseline -0.002 -19"><span class='ocrx_word' id='word_1_74' title='bbox 246 954 380 1006; x_wconf 89' lang='lat' dir='ltr'><strong>gnae</strong></span> <span class='ocrx_word' id='word_1_75' title='bbox 431 935 908 988; x_wconf 82' lang='lat' dir='ltr'><strong>administrationis</strong></span> <span class='ocrx_word' id='word_1_76' title='bbox 965 934 1140 987; x_wconf 87' lang='lat' dir='ltr'><strong>officia</strong></span> <span class='ocrx_word' id='word_1_77' title='bbox 1181 934 1506 1004; x_wconf 83' lang='lat' dir='ltr'><strong>diriguntur,</strong></span> <span class='ocrx_word' id='word_1_78' title='bbox 1554 935 1825 1004; x_wconf 88' lang='lat' dir='ltr'><strong>imperiosi</strong></span> <span class='ocrx_word' id='word_1_79' title='bbox 1879 935 1934 987; x_wconf 91' lang='lat' dir='ltr'><strong>in</strong></span> <span class='ocrx_word' id='word_1_80' title='bbox 1961 952 2003 985; x_wconf 87' lang='lat'><strong>10</strong></span> 
     </span>
     <span class='ocr_line' id='line_1_12' title="bbox 247 1007 1936 1078; baseline 0 -16"><span class='ocrx_word' id='word_1_81' title='bbox 247 1009 494 1062; x_wconf 91' lang='lat' dir='ltr'><strong>omnibus</strong></span> <span class='ocrx_word' id='word_1_82' title='bbox 528 1009 733 1062; x_wconf 90' lang='lat' dir='ltr'><strong>actibus</strong></span> <span class='ocrx_word' id='word_1_83' title='bbox 767 1009 1080 1062; x_wconf 87' lang='lat' dir='ltr'><strong>exsistentes</strong></span> <span class='ocrx_word' id='word_1_84' title='bbox 1114 1011 1166 1061; x_wconf 92' lang='lat' dir='ltr'><strong>et</strong></span> <span class='ocrx_word' id='word_1_85' title='bbox 1197 1009 1376 1062; x_wconf 81' lang='lat' dir='ltr'><strong>fortes,</strong></span> <span class='ocrx_word' id='word_1_86' title='bbox 1443 1007 1546 1060; x_wconf 85' lang='lat' dir='ltr'><strong>Sed</strong></span> <span class='ocrx_word' id='word_1_87' title='bbox 1578 1012 1733 1062; x_wconf 89' lang='lat' dir='ltr'><strong>erunt</strong></span> <span class='ocrx_word' id='word_1_88' title='bbox 1763 1011 1936 1078; x_wconf 89' lang='lat' dir='ltr'><strong>prima</strong></span> 
     </span>
     <span class='ocr_line' id='line_1_13' title="bbox 248 1083 1936 1153; baseline 0 -17"><span class='ocrx_word' id='word_1_89' title='bbox 248 1101 430 1136; x_wconf 92' lang='lat' dir='ltr'><strong>eorum</strong></span> <span class='ocrx_word' id='word_1_90' title='bbox 475 1087 719 1153; x_wconf 92' lang='lat' dir='ltr'><strong>tempora</strong></span> <span class='ocrx_word' id='word_1_91' title='bbox 765 1084 1026 1152; x_wconf 80' lang='lat' dir='ltr'><strong>difficilia,</strong></span> <span class='ocrx_word' id='word_1_92' title='bbox 1074 1083 1164 1135; x_wconf 89' lang='lat' dir='ltr'><strong>sed</strong></span> <span class='ocrx_word' id='word_1_93' title='bbox 1211 1086 1398 1151; x_wconf 90' lang='lat' dir='ltr'><strong>postea</strong></span> <span class='ocrx_word' id='word_1_94' title='bbox 1434 1103 1688 1152; x_wconf 87' lang='lat' dir='ltr'><strong>prospere</strong></span> <span class='ocrx_word' id='word_1_95' title='bbox 1728 1084 1936 1153; x_wconf 85' lang='lat' dir='ltr'><strong>conple-</strong></span> 
     </span>
     <span class='ocr_line' id='line_1_14' title="bbox 247 1157 1937 1228; baseline 0.001 -19"><span class='ocrx_word' id='word_1_96' title='bbox 247 1159 383 1210; x_wconf 92' lang='lat' dir='ltr'><strong>bunt</strong></span> <span class='ocrx_word' id='word_1_97' title='bbox 422 1159 622 1228; x_wconf 83' lang='lat' dir='ltr'><strong>omnia,</strong></span> <span class='ocrx_word' id='word_1_98' title='bbox 663 1158 882 1211; x_wconf 91' lang='lat' dir='ltr'><strong>deorum</strong></span> <span class='ocrx_word' id='word_1_99' title='bbox 924 1157 1142 1211; x_wconf 88' lang='lat' dir='ltr'><strong>adsidua</strong></span> <span class='ocrx_word' id='word_1_100' title='bbox 1180 1158 1475 1211; x_wconf 88' lang='lat' dir='ltr'><strong>monitione</strong></span> <span class='ocrx_word' id='word_1_101' title='bbox 1513 1158 1753 1227; x_wconf 75' lang='lat' dir='ltr'><strong>formati,</strong></span> <span class='ocrx_word' id='word_1_102' title='bbox 1791 1177 1937 1227; x_wconf 89' lang='lat' dir='ltr'><strong>prae-</strong></span> 
     </span>
     <span class='ocr_line' id='line_1_15' title="bbox 248 1232 1938 1302; baseline 0.001 -18"><span class='ocrx_word' id='word_1_103' title='bbox 248 1234 431 1285; x_wconf 90' lang='lat' dir='ltr'><strong>sertim</strong></span> <span class='ocrx_word' id='word_1_104' title='bbox 472 1234 517 1286; x_wconf 92' lang='lat' dir='ltr'><strong>si</strong></span> <span class='ocrx_word' id='word_1_105' title='bbox 556 1233 610 1284; x_wconf 92' lang='lat' dir='ltr'><strong>in</strong></span> <span class='ocrx_word' id='word_1_106' title='bbox 661 1232 1049 1302; x_wconf 89' lang='lat' dir='ltr'><strong>principalibus</strong></span> <span class='ocrx_word' id='word_1_107' title='bbox 1098 1233 1371 1302; x_wconf 81' lang='lat' dir='ltr'><strong>geniturae</strong></span> <span class='ocrx_word' id='word_1_108' title='bbox 1421 1232 1554 1286; x_wconf 88' lang='lat' dir='ltr'><strong>locis</strong></span> <span class='ocrx_word' id='word_1_109' title='bbox 1600 1233 1835 1302; x_wconf 89' lang='lat' dir='ltr'><strong>positum</strong></span> <span class='ocrx_word' id='word_1_110' title='bbox 1885 1236 1938 1286; x_wconf 90' lang='lat' dir='ltr'><strong>et</strong></span> 
     </span>
     <span class='ocr_line' id='line_1_16' title="bbox 246 1305 2004 1360; baseline -0.002 -1"><span class='ocrx_word' id='word_1_111' title='bbox 246 1325 354 1360; x_wconf 91' lang='lat' dir='ltr'><strong>non</strong></span> <span class='ocrx_word' id='word_1_112' title='bbox 394 1307 451 1359; x_wconf 92' lang='lat' dir='ltr'><strong>in</strong></span> <span class='ocrx_word' id='word_1_113' title='bbox 492 1307 709 1360; x_wconf 90' lang='lat' dir='ltr'><strong>deiectis</strong></span> <span class='ocrx_word' id='word_1_114' title='bbox 751 1306 1011 1359; x_wconf 83' lang='lat' dir='ltr'><strong>Saturnus</strong></span> <span class='ocrx_word' id='word_1_115' title='bbox 1051 1306 1136 1359; x_wconf 92' lang='lat' dir='ltr'><strong>vel</strong></span> <span class='ocrx_word' id='word_1_116' title='bbox 1175 1305 1318 1357; x_wconf 89' lang='lat' dir='ltr'><strong>Mars</strong></span> <span class='ocrx_word' id='word_1_117' title='bbox 1358 1307 1443 1359; x_wconf 93' lang='lat' dir='ltr'><strong>vel</strong></span> <span class='ocrx_word' id='word_1_118' title='bbox 1484 1305 1577 1359; x_wconf 81' lang='lat' dir='ltr'><strong>Sol</strong></span> <span class='ocrx_word' id='word_1_119' title='bbox 1616 1309 1700 1360; x_wconf 92' lang='lat' dir='ltr'><strong>vel</strong></span> <span class='ocrx_word' id='word_1_120' title='bbox 1735 1306 1937 1359; x_wconf 90' lang='lat' dir='ltr'><strong>Mercu·</strong></span> <span class='ocrx_word' id='word_1_121' title='bbox 1962 1322 2004 1356; x_wconf 71' lang='grc' dir='ltr'><strong>ιε</strong></span> 
     </span>
     <span class='ocr_line' id='line_1_17' title="bbox 247 1380 1936 1451; baseline 0.001 -19"><span class='ocrx_word' id='word_1_122' title='bbox 247 1382 357 1434; x_wconf 91' lang='lat' dir='ltr'><strong>rius</strong></span> <span class='ocrx_word' id='word_1_123' title='bbox 389 1381 475 1434; x_wconf 89' lang='lat' dir='ltr'><strong>vel</strong></span> <span class='ocrx_word' id='word_1_124' title='bbox 502 1380 682 1434; x_wconf 91' lang='lat' dir='ltr'><strong>Venus</strong></span> <span class='ocrx_word' id='word_1_125' title='bbox 715 1382 799 1433; x_wconf 92' lang='lat' dir='ltr'><strong>vel</strong></span> <span class='ocrx_word' id='word_1_126' title='bbox 827 1381 980 1433; x_wconf 90' lang='lat' dir='ltr'><strong>Luna</strong></span> <span class='ocrx_word' id='word_1_127' title='bbox 1010 1380 1275 1451; x_wconf 89' lang='lat' dir='ltr'><strong>trigonica</strong></span> <span class='ocrx_word' id='word_1_128' title='bbox 1306 1381 1600 1434; x_wconf 87' lang='lat' dir='ltr'><strong>radiatione</strong></span> <span class='ocrx_word' id='word_1_129' title='bbox 1632 1383 1936 1450; x_wconf 83' lang='lat' dir='ltr'><strong>respexerit.</strong></span> 
     </span>
    </p>

    <p class='ocr_par' dir='ltr' id='par_1_4' title="bbox 197 1454 2007 1896">
     <span class='ocr_line' id='line_1_18' title="bbox 197 1454 1938 1524; baseline 0.001 -17"><span class='ocrx_word' id='word_1_130' title='bbox 197 1456 232 1507; x_wconf 86' lang='lat'><strong>4</strong></span> <span class='ocrx_word' id='word_1_131' title='bbox 362 1454 677 1524; x_wconf 88' lang='lat' dir='ltr'><strong>[Iuppiter</strong></span> <span class='ocrx_word' id='word_1_132' title='bbox 722 1455 786 1508; x_wconf 90' lang='lat' dir='ltr'><strong>in</strong></span> <span class='ocrx_word' id='word_1_133' title='bbox 825 1454 1072 1524; x_wconf 75' lang='lat' dir='ltr'><strong>Tauro]</strong></span> <span class='ocrx_word' id='word_1_134' title='bbox 1153 1454 1465 1524; x_wconf 85' lang='lat' dir='ltr'><strong>Quicunque</strong></span> <span class='ocrx_word' id='word_1_135' title='bbox 1514 1454 1694 1508; x_wconf 92' lang='lat' dir='ltr'><strong>Iovem</strong></span> <span class='ocrx_word' id='word_1_136' title='bbox 1742 1457 1938 1509; x_wconf 91' lang='lat' dir='ltr'><strong>habue-</strong></span> 
     </span>
     <span class='ocr_line' id='line_1_19' title="bbox 249 1529 1940 1599; baseline 0.001 -18"><span class='ocrx_word' id='word_1_137' title='bbox 249 1530 358 1581; x_wconf 90' lang='lat' dir='ltr'><strong>rint</strong></span> <span class='ocrx_word' id='word_1_138' title='bbox 396 1530 448 1581; x_wconf 94' lang='lat' dir='ltr'><strong>in</strong></span> <span class='ocrx_word' id='word_1_139' title='bbox 491 1529 687 1599; x_wconf 79' lang='lat' dir='ltr'><strong>Tauro,</strong></span> <span class='ocrx_word' id='word_1_140' title='bbox 740 1533 895 1582; x_wconf 86' lang='lat' dir='ltr'><strong>erunt</strong></span> <span class='ocrx_word' id='word_1_141' title='bbox 934 1530 989 1581; x_wconf 89' lang='lat' dir='ltr'><strong>in</strong></span> <span class='ocrx_word' id='word_1_142' title='bbox 1029 1529 1260 1581; x_wconf 85' lang='lat' dir='ltr'><strong>maxima</strong></span> <span class='ocrx_word' id='word_1_143' title='bbox 1298 1529 1470 1599; x_wconf 89' lang='lat' dir='ltr'><strong>gloria</strong></span> <span class='ocrx_word' id='word_1_144' title='bbox 1510 1533 1562 1582; x_wconf 94' lang='lat' dir='ltr'><strong>et</strong></span> <span class='ocrx_word' id='word_1_145' title='bbox 1602 1530 1657 1582; x_wconf 91' lang='lat' dir='ltr'><strong>in</strong></span> <span class='ocrx_word' id='word_1_146' title='bbox 1696 1531 1940 1583; x_wconf 85' lang='lat' dir='ltr'><strong>maximis</strong></span> 
     </span>
     <span class='ocr_line' id='line_1_20' title="bbox 248 1604 1939 1674; baseline 0 -18"><span class='ocrx_word' id='word_1_147' title='bbox 248 1604 619 1673; x_wconf 77' lang='lat' dir='ltr'><strong>potestatibUS,</strong></span> <span class='ocrx_word' id='word_1_148' title='bbox 673 1604 763 1656; x_wconf 90' lang='lat' dir='ltr'><strong>sed</strong></span> <span class='ocrx_word' id='word_1_149' title='bbox 810 1607 1158 1673; x_wconf 86' lang='lat' dir='ltr'><strong>posteaquam</strong></span> <span class='ocrx_word' id='word_1_150' title='bbox 1199 1623 1316 1652; x_wconf 54' lang='grc' dir='ltr'><strong>*νε*</strong></span> <span class='ocrx_word' id='word_1_151' title='bbox 1357 1607 1602 1672; x_wconf 87' lang='lat' dir='ltr'><strong>tempora</strong></span> <span class='ocrx_word' id='word_1_152' title='bbox 1643 1605 1939 1674; x_wconf 84' lang='lat' dir='ltr'><strong>inpleverit.</strong></span> 
     </span>
     <span class='ocr_line' id='line_1_21' title="bbox 249 1676 2007 1749; baseline -0.002 -20"><span class='ocrx_word' id='word_1_153' title='bbox 249 1676 314 1729; x_wconf 91' lang='lat' dir='ltr'><strong>In</strong></span> <span class='ocrx_word' id='word_1_154' title='bbox 359 1679 547 1746; x_wconf 88' lang='lat' dir='ltr'><strong>primis</strong></span> <span class='ocrx_word' id='word_1_155' title='bbox 595 1679 736 1731; x_wconf 91' lang='lat' dir='ltr'><strong>enim</strong></span> <span class='ocrx_word' id='word_1_156' title='bbox 784 1678 1115 1746; x_wconf 90' lang='lat' dir='ltr'><strong>temporibus</strong></span> <span class='ocrx_word' id='word_1_157' title='bbox 1157 1679 1306 1748; x_wconf 86' lang='lat' dir='ltr'><strong>gravi</strong></span> <span class='ocrx_word' id='word_1_158' title='bbox 1344 1678 1701 1746; x_wconf 89' lang='lat' dir='ltr'><strong>periculorum</strong></span> <span class='ocrx_word' id='word_1_159' title='bbox 1742 1682 1938 1749; x_wconf 92' lang='lat' dir='ltr'><strong>tempe·</strong></span> <span class='ocrx_word' id='word_1_160' title='bbox 1963 1693 2007 1726; x_wconf 79' lang='lat'><strong>20</strong></span> 
     </span>
     <span class='ocr_line' id='line_1_22' title="bbox 251 1751 1938 1822; baseline 0.001 -18"><span class='ocrx_word' id='word_1_161' title='bbox 251 1755 387 1804; x_wconf 87' lang='lat' dir='ltr'><strong>state</strong></span> <span class='ocrx_word' id='word_1_162' title='bbox 439 1756 771 1821; x_wconf 86' lang='lat' dir='ltr'><strong>quassantur.</strong></span> <span class='ocrx_word' id='word_1_163' title='bbox 848 1751 910 1804; x_wconf 93' lang='lat' dir='ltr'><strong>In</strong></span> <span class='ocrx_word' id='word_1_164' title='bbox 962 1752 1384 1822; x_wconf 86' lang='lat' dir='ltr'><strong>aegritudinibus</strong></span> <span class='ocrx_word' id='word_1_165' title='bbox 1435 1753 1575 1805; x_wconf 89' lang='lat' dir='ltr'><strong>enim</strong></span> <span class='ocrx_word' id='word_1_166' title='bbox 1628 1757 1679 1805; x_wconf 92' lang='lat' dir='ltr'><strong>et</strong></span> <span class='ocrx_word' id='word_1_167' title='bbox 1730 1754 1786 1805; x_wconf 89' lang='lat' dir='ltr'><strong>in</strong></span> <span class='ocrx_word' id='word_1_168' title='bbox 1836 1771 1938 1806; x_wconf 88' lang='lat' dir='ltr'><strong>ser-</strong></span> 
     </span>
     <span class='ocr_line' id='line_1_23' title="bbox 250 1825 1939 1896; baseline 0.001 -18"><span class='ocrx_word' id='word_1_169' title='bbox 250 1827 396 1879; x_wconf 91' lang='lat' dir='ltr'><strong>vitiis</strong></span> <span class='ocrx_word' id='word_1_170' title='bbox 437 1830 490 1878; x_wconf 91' lang='lat' dir='ltr'><strong>et</strong></span> <span class='ocrx_word' id='word_1_171' title='bbox 528 1827 585 1879; x_wconf 90' lang='lat' dir='ltr'><strong>in</strong></span> <span class='ocrx_word' id='word_1_172' title='bbox 626 1827 799 1880; x_wconf 90' lang='lat' dir='ltr'><strong>causis</strong></span> <span class='ocrx_word' id='word_1_173' title='bbox 839 1827 1206 1880; x_wconf 89' lang='lat' dir='ltr'><strong>versabuntur.</strong></span> <span class='ocrx_word' id='word_1_174' title='bbox 1284 1825 1434 1880; x_wconf 87' lang='lat' dir='ltr'><strong>Tunc</strong></span> <span class='ocrx_word' id='word_1_175' title='bbox 1474 1845 1592 1879; x_wconf 89' lang='lat' dir='ltr'><strong>cum</strong></span> <span class='ocrx_word' id='word_1_176' title='bbox 1631 1828 1939 1896; x_wconf 89' lang='lat' dir='ltr'><strong>potentiori-</strong></span> 
     </span>
    </p>

    <p class='ocr_par' dir='ltr' id='par_1_5' title="bbox 66 1899 2009 2488">
     <span class='ocr_line' id='line_1_24' title="bbox 66 1899 1940 1956; baseline -0.001 0"><span class='ocrx_word' id='word_1_177' title='bbox 66 1911 206 1956; x_wconf 70' lang='lat' dir='ltr'><strong><em>s02-630</em></strong></span> <span class='ocrx_word' id='word_1_178' title='bbox 219 1915 264 1946; x_wconf 84' lang='lat' dir='ltr'><strong>II</strong></span> <span class='ocrx_word' id='word_1_179' title='bbox 282 1899 383 1952; x_wconf 87' lang='lat' dir='ltr'><strong>bus</strong></span> <span class='ocrx_word' id='word_1_180' title='bbox 431 1902 797 1954; x_wconf 91' lang='lat' dir='ltr'><strong>contentiones</strong></span> <span class='ocrx_word' id='word_1_181' title='bbox 846 1905 973 1954; x_wconf 86' lang='lat' dir='ltr'><strong>tunc</strong></span> <span class='ocrx_word' id='word_1_182' title='bbox 1020 1901 1210 1953; x_wconf 86' lang='lat' dir='ltr'><strong>damna</strong></span> <span class='ocrx_word' id='word_1_183' title='bbox 1256 1903 1384 1952; x_wconf 91' lang='lat' dir='ltr'><strong>tunc</strong></span> <span class='ocrx_word' id='word_1_184' title='bbox 1428 1901 1638 1955; x_wconf 92' lang='lat' dir='ltr'><strong>labores</strong></span> <span class='ocrx_word' id='word_1_185' title='bbox 1685 1905 1813 1954; x_wconf 89' lang='lat' dir='ltr'><strong>tunc</strong></span> <span class='ocrx_word' id='word_1_186' title='bbox 1857 1902 1940 1954; x_wconf 92' lang='lat' dir='ltr'><strong>de-</strong></span> 
     </span>
     <span class='ocr_line' id='line_1_25' title="bbox 253 1974 1940 2045; baseline 0.001 -18"><span class='ocrx_word' id='word_1_187' title='bbox 253 1978 542 2027; x_wconf 89' lang='lat' dir='ltr'><strong>cernuntur</strong></span> <span class='ocrx_word' id='word_1_188' title='bbox 580 1975 818 2028; x_wconf 89' lang='lat' dir='ltr'><strong>iniuriae.</strong></span> <span class='ocrx_word' id='word_1_189' title='bbox 892 1974 994 2027; x_wconf 84' lang='lat' dir='ltr'><strong>Sed</strong></span> <span class='ocrx_word' id='word_1_190' title='bbox 1033 1977 1220 2044; x_wconf 88' lang='lat' dir='ltr'><strong>postea</strong></span> <span class='ocrx_word' id='word_1_191' title='bbox 1259 1992 1417 2042; x_wconf 91' lang='lat' dir='ltr'><strong>quam</strong></span> <span class='ocrx_word' id='word_1_192' title='bbox 1452 1976 1652 2028; x_wconf 84' lang='lat' dir='ltr'><strong>fuerint</strong></span> <span class='ocrx_word' id='word_1_193' title='bbox 1685 1978 1940 2045; x_wconf 82' lang='lat' dir='ltr'><strong>oppressi,</strong></span> 
     </span>
     <span class='ocr_line' id='line_1_26' title="bbox 252 2047 2007 2120; baseline 0.002 -20"><span class='ocrx_word' id='word_1_194' title='bbox 252 2067 539 2118; x_wconf 87' lang='lat' dir='ltr'><strong>prosperos</strong></span> <span class='ocrx_word' id='word_1_195' title='bbox 572 2050 810 2102; x_wconf 90' lang='lat' dir='ltr'><strong>omnium</strong></span> <span class='ocrx_word' id='word_1_196' title='bbox 842 2049 1183 2120; x_wconf 86' lang='lat' dir='ltr'><strong>negotiorum</strong></span> <span class='ocrx_word' id='word_1_197' title='bbox 1211 2047 1485 2101; x_wconf 89' lang='lat' dir='ltr'><strong>habebunt</strong></span> <span class='ocrx_word' id='word_1_198' title='bbox 1510 2054 1739 2102; x_wconf 79' lang='lat' dir='ltr'><strong>eventus,</strong></span> <span class='ocrx_word' id='word_1_199' title='bbox 1792 2050 1940 2103; x_wconf 85' lang='lat' dir='ltr'><strong>Tunc</strong></span> <span class='ocrx_word' id='word_1_200' title='bbox 1965 2063 2007 2096; x_wconf 81' lang='lat'><strong>2⁶</strong></span> 
     </span>
     <span class='ocr_line' id='line_1_27' title="bbox 254 2122 1940 2193; baseline 0.002 -19"><span class='ocrx_word' id='word_1_201' title='bbox 254 2123 450 2192; x_wconf 91' lang='lat' dir='ltr'><strong>glorias</strong></span> <span class='ocrx_word' id='word_1_202' title='bbox 497 2127 625 2176; x_wconf 92' lang='lat' dir='ltr'><strong>tunc</strong></span> <span class='ocrx_word' id='word_1_203' title='bbox 670 2124 972 2193; x_wconf 89' lang='lat' dir='ltr'><strong>potentium</strong></span> <span class='ocrx_word' id='word_1_204' title='bbox 1020 2122 1280 2175; x_wconf 88' lang='lat' dir='ltr'><strong>amicitias</strong></span> <span class='ocrx_word' id='word_1_205' title='bbox 1329 2124 1645 2192; x_wconf 83' lang='lat' dir='ltr'><strong>sortiuntur,</strong></span> <span class='ocrx_word' id='word_1_206' title='bbox 1697 2128 1825 2176; x_wconf 92' lang='lat' dir='ltr'><strong>tunc</strong></span> <span class='ocrx_word' id='word_1_207' title='bbox 1864 2125 1940 2178; x_wconf 92' lang='lat' dir='ltr'><strong>eis</strong></span> 
     </span>
     <span class='ocr_line' id='line_1_28' title="bbox 203 2195 1940 2268; baseline 0.001 -19"><span class='ocrx_word' id='word_1_208' title='bbox 203 2195 497 2265; x_wconf 82' lang='lat' dir='ltr'><strong>5potentes</strong></span> <span class='ocrx_word' id='word_1_209' title='bbox 545 2198 646 2249; x_wconf 92' lang='lat' dir='ltr'><strong>viri</strong></span> <span class='ocrx_word' id='word_1_210' title='bbox 691 2198 832 2250; x_wconf 90' lang='lat' dir='ltr'><strong>vitae</strong></span> <span class='ocrx_word' id='word_1_211' title='bbox 877 2217 1001 2251; x_wconf 88' lang='lat' dir='ltr'><strong>suae</strong></span> <span class='ocrx_word' id='word_1_212' title='bbox 1049 2200 1250 2250; x_wconf 88' lang='lat' dir='ltr'><strong>secreta</strong></span> <span class='ocrx_word' id='word_1_213' title='bbox 1297 2197 1633 2250; x_wconf 87' lang='lat' dir='ltr'><strong>conmittunt.</strong></span> <span class='ocrx_word' id='word_1_214' title='bbox 1710 2198 1940 2268; x_wconf 88' lang='lat' dir='ltr'><strong>Naviga-</strong></span> 
     </span>
     <span class='ocr_line' id='line_1_29' title="bbox 254 2271 1941 2342; baseline 0.001 -19"><span class='ocrx_word' id='word_1_215' title='bbox 254 2271 389 2323; x_wconf 89' lang='lat' dir='ltr'><strong>bunt</strong></span> <span class='ocrx_word' id='word_1_216' title='bbox 428 2275 604 2324; x_wconf 87' lang='lat' dir='ltr'><strong>autem</strong></span> <span class='ocrx_word' id='word_1_217' title='bbox 645 2272 701 2323; x_wconf 91' lang='lat' dir='ltr'><strong>in</strong></span> <span class='ocrx_word' id='word_1_218' title='bbox 739 2290 935 2342; x_wconf 87' lang='lat' dir='ltr'><strong>magno</strong></span> <span class='ocrx_word' id='word_1_219' title='bbox 976 2273 1109 2323; x_wconf 91' lang='lat' dir='ltr'><strong>mari</strong></span> <span class='ocrx_word' id='word_1_220' title='bbox 1149 2274 1240 2322; x_wconf 90' lang='lat' dir='ltr'><strong>aut</strong></span> <span class='ocrx_word' id='word_1_221' title='bbox 1271 2271 1328 2323; x_wconf 88' lang='lat' dir='ltr'><strong>in</strong></span> <span class='ocrx_word' id='word_1_222' title='bbox 1358 2272 1551 2340; x_wconf 77' lang='lat' dir='ltr'><strong>fluviiS,</strong></span> <span class='ocrx_word' id='word_1_223' title='bbox 1591 2273 1941 2326; x_wconf 88' lang='lat' dir='ltr'><strong>versabuntur</strong></span> 
     </span>
     <span class='ocr_line' id='line_1_30' title="bbox 255 2346 1938 2399; baseline 0.001 -4"><span class='ocrx_word' id='word_1_224' title='bbox 255 2346 414 2396; x_wconf 90' lang='lat' dir='ltr'><strong>etiam</strong></span> <span class='ocrx_word' id='word_1_225' title='bbox 479 2363 598 2398; x_wconf 92' lang='lat' dir='ltr'><strong>cum</strong></span> <span class='ocrx_word' id='word_1_226' title='bbox 662 2347 898 2399; x_wconf 90' lang='lat' dir='ltr'><strong>scelestis</strong></span> <span class='ocrx_word' id='word_1_227' title='bbox 962 2349 1053 2397; x_wconf 88' lang='lat' dir='ltr'><strong>aut</strong></span> <span class='ocrx_word' id='word_1_228' title='bbox 1116 2363 1235 2396; x_wconf 90' lang='lat' dir='ltr'><strong>cum</strong></span> <span class='ocrx_word' id='word_1_229' title='bbox 1296 2346 1585 2398; x_wconf 87' lang='lat' dir='ltr'><strong>infamibus</strong></span> <span class='ocrx_word' id='word_1_230' title='bbox 1647 2347 1774 2399; x_wconf 89' lang='lat' dir='ltr'><strong>viris</strong></span> <span class='ocrx_word' id='word_1_231' title='bbox 1822 2367 1848 2396; x_wconf 56' lang='grc' dir='ltr'><strong>,κ</strong></span> <span class='ocrx_word' id='word_1_232' title='bbox 1868 2368 1893 2397; x_wconf 77' lang='lat'><em>*</em></span> <span class='ocrx_word' id='word_1_233' title='bbox 1913 2368 1938 2396; x_wconf 59' lang='grc' dir='ltr'><strong>,ιι</strong></span> 
     </span>
     <span class='ocr_line' id='line_1_31' title="bbox 255 2417 2009 2488; baseline 0.003 -19"><span class='ocrx_word' id='word_1_234' title='bbox 255 2418 605 2488; x_wconf 87' lang='lat' dir='ltr'><strong>religionibus</strong></span> <span class='ocrx_word' id='word_1_235' title='bbox 668 2420 969 2472; x_wconf 82' lang='lat' dir='ltr'><strong>servientes,</strong></span> <span class='ocrx_word' id='word_1_236' title='bbox 1056 2417 1160 2471; x_wconf 83' lang='lat' dir='ltr'><strong>Sed</strong></span> <span class='ocrx_word' id='word_1_237' title='bbox 1212 2418 1295 2471; x_wconf 90' lang='lat' dir='ltr'><strong>his</strong></span> <span class='ocrx_word' id='word_1_238' title='bbox 1352 2439 1381 2470; x_wconf 88' lang='lat' dir='ltr'><strong>a</strong></span> <span class='ocrx_word' id='word_1_239' title='bbox 1436 2420 1746 2472; x_wconf 87' lang='lat' dir='ltr'><strong>mulieribus</strong></span> <span class='ocrx_word' id='word_1_240' title='bbox 1800 2421 1941 2474; x_wconf 91' lang='lat' dir='ltr'><strong>vitae</strong></span> <span class='ocrx_word' id='word_1_241' title='bbox 1966 2432 2009 2465; x_wconf 76' lang='lat'><strong>³0</strong></span> 
     </span>
    </p>
   </div>
   <div class='ocr_carea' id='block_1_3' title="bbox 257 2534 1947 2886">
    <p class='ocr_par' dir='ltr' id='par_1_6' title="bbox 257 2534 1947 2886">
     <span class='ocr_line' id='line_1_32' title="bbox 375 2534 1941 2593; baseline 0.003 -17"><span class='ocrx_word' id='word_1_242' title='bbox 375 2540 399 2576; x_wconf 79' lang='lat'>2</span> <span class='ocrx_word' id='word_1_243' title='bbox 434 2536 538 2579; x_wconf 81' lang='lat' dir='ltr'><strong>add.</strong></span> <span class='ocrx_word' id='word_1_244' title='bbox 565 2540 604 2577; x_wconf 75' lang='lat' dir='ltr'>N</span> <span class='ocrx_word' id='word_1_245' title='bbox 741 2541 764 2579; x_wconf 87' lang='lat'><strong>3</strong></span> <span class='ocrx_word' id='word_1_246' title='bbox 805 2535 952 2579; x_wconf 89' lang='lat' dir='ltr'><strong>tacita</strong></span> <span class='ocrx_word' id='word_1_247' title='bbox 981 2536 1047 2593; x_wconf 80' lang='grc' dir='ltr'><strong>Γ]</strong></span> <span class='ocrx_word' id='word_1_248' title='bbox 1082 2550 1109 2578; x_wconf 88' lang='lat' dir='ltr'><strong>a</strong></span> <span class='ocrx_word' id='word_1_249' title='bbox 1141 2534 1235 2577; x_wconf 92' lang='lat' dir='ltr'><strong>cita</strong></span> <span class='ocrx_word' id='word_1_250' title='bbox 1260 2537 1299 2577; x_wconf 92' lang='grc' dir='ltr'><em>Δ</em></span> <span class='ocrx_word' id='word_1_251' title='bbox 1432 2540 1456 2578; x_wconf 90' lang='grc'>6</span> <span class='ocrx_word' id='word_1_252' title='bbox 1490 2535 1674 2592; x_wconf 87' lang='lat' dir='ltr'><strong>signum</strong></span> <span class='ocrx_word' id='word_1_253' title='bbox 1707 2538 1941 2591; x_wconf 90' lang='lat' dir='ltr'><strong>quoddam</strong></span> 
     </span>
     <span class='ocr_line' id='line_1_33' title="bbox 258 2593 1941 2654; baseline 0.002 -17"><span class='ocrx_word' id='word_1_254' title='bbox 258 2596 297 2637; x_wconf 92' lang='grc' dir='ltr'><em>Δ</em></span> <span class='ocrx_word' id='word_1_255' title='bbox 422 2599 444 2636; x_wconf 80' lang='lat'><strong>7</strong></span> <span class='ocrx_word' id='word_1_256' title='bbox 487 2594 744 2638; x_wconf 87' lang='lat' dir='ltr'><strong>alienorum</strong></span> <span class='ocrx_word' id='word_1_257' title='bbox 783 2597 839 2652; x_wconf 78' lang='lat' dir='ltr'><strong>N]</strong></span> <span class='ocrx_word' id='word_1_258' title='bbox 882 2594 1078 2638; x_wconf 87' lang='lat' dir='ltr'><strong>aliorum</strong></span> <span class='ocrx_word' id='word_1_259' title='bbox 1233 2598 1285 2635; x_wconf 86' lang='lat'><strong>14</strong></span> <span class='ocrx_word' id='word_1_260' title='bbox 1318 2593 1356 2636; x_wconf 90' lang='lat' dir='ltr'><strong>si</strong></span> <span class='ocrx_word' id='word_1_261' title='bbox 1390 2593 1613 2654; x_wconf 75' lang='lat' dir='ltr'><strong>(Iovem)</strong></span> <span class='ocrx_word' id='word_1_262' title='bbox 1648 2608 1671 2638; x_wconf 86' lang='lat'><em>6</em></span> <span class='ocrx_word' id='word_1_263' title='bbox 1713 2598 1718 2651; x_wconf 74' lang='grc' dir='ltr'>Ι</span> <span class='ocrx_word' id='word_1_264' title='bbox 1761 2597 1941 2652; x_wconf 89' lang='lat' dir='ltr'><strong>positus</strong></span> 
     </span>
     <span class='ocr_line' id='line_1_34' title="bbox 257 2653 1939 2711; baseline 0.002 -15"><span class='ocrx_word' id='word_1_265' title='bbox 257 2667 368 2697; x_wconf 80' lang='lat' dir='ltr'><strong>corr.</strong></span> <span class='ocrx_word' id='word_1_266' title='bbox 395 2670 422 2695; x_wconf 89' lang='grc' dir='ltr'><strong>κ</strong></span> <span class='ocrx_word' id='word_1_267' title='bbox 547 2658 598 2696; x_wconf 86' lang='grc'><strong>17</strong></span> <span class='ocrx_word' id='word_1_268' title='bbox 633 2654 793 2698; x_wconf 81' lang='lat' dir='ltr'><strong>lemma</strong></span> <span class='ocrx_word' id='word_1_269' title='bbox 825 2667 906 2698; x_wconf 83' lang='lat' dir='ltr'><strong>om.</strong></span> <span class='ocrx_word' id='word_1_270' title='bbox 935 2657 973 2697; x_wconf 91' lang='grc' dir='ltr'><em>Δ</em></span> <span class='ocrx_word' id='word_1_271' title='bbox 1011 2656 1015 2710; x_wconf 88' lang='grc' dir='ltr'>Ι</span> <span class='ocrx_word' id='word_1_272' title='bbox 1053 2653 1139 2705; x_wconf 81' lang='lat' dir='ltr'><strong>Qui</strong></span> <span class='ocrx_word' id='word_1_273' title='bbox 1166 2654 1248 2695; x_wconf 86' lang='lat' dir='ltr'><strong>AB</strong></span> <span class='ocrx_word' id='word_1_274' title='bbox 1372 2657 1425 2695; x_wconf 90' lang='grc'><strong>19</strong></span> <span class='ocrx_word' id='word_1_275' title='bbox 1461 2654 1542 2697; x_wconf 82' lang='lat' dir='ltr'><strong>Iac.</strong></span> <span class='ocrx_word' id='word_1_276' title='bbox 1568 2659 1669 2698; x_wconf 75' lang='lat' dir='ltr'><strong>stat.</strong></span> <span class='ocrx_word' id='word_1_277' title='bbox 1695 2671 1722 2698; x_wconf 80' lang='grc' dir='ltr'><strong><em>κ</em></strong></span> <span class='ocrx_word' id='word_1_278' title='bbox 1758 2657 1763 2708; x_wconf 85' lang='grc' dir='ltr'>Ι</span> <span class='ocrx_word' id='word_1_279' title='bbox 1798 2658 1939 2711; x_wconf 89' lang='lat' dir='ltr'><strong>temp.</strong></span> 
     </span>
     <span class='ocr_line' id='line_1_35' title="bbox 259 2711 1944 2769; baseline 0.002 -16"><span class='ocrx_word' id='word_1_280' title='bbox 259 2711 483 2755; x_wconf 84' lang='lat' dir='ltr'><strong>Saturnus</strong></span> <span class='ocrx_word' id='word_1_281' title='bbox 516 2712 779 2769; x_wconf 88' lang='lat' dir='ltr'><strong>impleverit</strong></span> <span class='ocrx_word' id='word_1_282' title='bbox 803 2713 949 2755; x_wconf 77' lang='lat' dir='ltr'><strong>A0n2</strong></span> <span class='ocrx_word' id='word_1_283' title='bbox 991 2715 1022 2755; x_wconf 91' lang='lat' dir='ltr'><strong>t.</strong></span> <span class='ocrx_word' id='word_1_284' title='bbox 1049 2712 1226 2769; x_wconf 88' lang='lat' dir='ltr'><strong>Iupiter</strong></span> <span class='ocrx_word' id='word_1_285' title='bbox 1257 2711 1384 2767; x_wconf 89' lang='lat' dir='ltr'><strong>impl.</strong></span> <span class='ocrx_word' id='word_1_286' title='bbox 1413 2716 1526 2754; x_wconf 85' lang='lat' dir='ltr'><strong>GBv</strong></span> <span class='ocrx_word' id='word_1_287' title='bbox 1647 2718 1702 2756; x_wconf 81' lang='lat'><strong>24</strong></span> <span class='ocrx_word' id='word_1_288' title='bbox 1736 2713 1944 2758; x_wconf 89' lang='lat' dir='ltr'><strong>decernit</strong></span> 
     </span>
     <span class='ocr_line' id='line_1_36' title="bbox 258 2770 1947 2830; baseline 0.004 -18"><span class='ocrx_word' id='word_1_289' title='bbox 258 2770 452 2814; x_wconf 85' lang='lat' dir='ltr'><strong>iniurias</strong></span> <span class='ocrx_word' id='word_1_290' title='bbox 485 2774 524 2814; x_wconf 95' lang='grc' dir='ltr'><em>Δ</em></span> <span class='ocrx_word' id='word_1_291' title='bbox 554 2773 560 2828; x_wconf 90' lang='grc' dir='ltr'>Ι</span> <span class='ocrx_word' id='word_1_292' title='bbox 587 2773 894 2828; x_wconf 89' lang='lat' dir='ltr'><strong>posteaquam</strong></span> <span class='ocrx_word' id='word_1_293' title='bbox 926 2772 972 2830; x_wconf 82' lang='grc' dir='ltr'><strong>κ]</strong></span> <span class='ocrx_word' id='word_1_294' title='bbox 1012 2774 1177 2827; x_wconf 87' lang='lat' dir='ltr'><strong>postea</strong></span> <span class='ocrx_word' id='word_1_295' title='bbox 1217 2783 1322 2812; x_wconf 87' lang='lat' dir='ltr'><strong>cum</strong></span> <span class='ocrx_word' id='word_1_296' title='bbox 1451 2776 1505 2814; x_wconf 82' lang='lat'><strong>26</strong></span> <span class='ocrx_word' id='word_1_297' title='bbox 1547 2772 1804 2816; x_wconf 84' lang='lat' dir='ltr'><strong>sortiuntur</strong></span> <span class='ocrx_word' id='word_1_298' title='bbox 1836 2775 1947 2817; x_wconf 91' lang='lat' dir='ltr'><strong>tunc</strong></span> 
     </span>
     <span class='ocr_line' id='line_1_37' title="bbox 261 2829 1825 2886; baseline 0.001 -14"><span class='ocrx_word' id='word_1_299' title='bbox 261 2829 325 2872; x_wconf 89' lang='lat' dir='ltr'><strong>eis</strong></span> <span class='ocrx_word' id='word_1_300' title='bbox 359 2830 615 2873; x_wconf 87' lang='lat' dir='ltr'><strong>sortiuntur</strong></span> <span class='ocrx_word' id='word_1_301' title='bbox 645 2833 858 2886; x_wconf 85' lang='lat' dir='ltr'><strong>potentes</strong></span> <span class='ocrx_word' id='word_1_302' title='bbox 888 2833 935 2874; x_wconf 90' lang='grc' dir='ltr'>Γ</span> <span class='ocrx_word' id='word_1_303' title='bbox 1081 2837 1132 2873; x_wconf 83' lang='grc'><strong>27</strong></span> <span class='ocrx_word' id='word_1_304' title='bbox 1169 2842 1280 2874; x_wconf 81' lang='lat' dir='ltr'><strong>suae</strong></span> <span class='ocrx_word' id='word_1_305' title='bbox 1310 2829 1435 2872; x_wconf 89' lang='lat' dir='ltr'><strong>vitae</strong></span> <span class='ocrx_word' id='word_1_306' title='bbox 1467 2834 1505 2871; x_wconf 73' lang='lat' dir='ltr'>N</span> <span class='ocrx_word' id='word_1_307' title='bbox 1539 2845 1647 2874; x_wconf 89' lang='lat' dir='ltr'><strong>suae</strong></span> <span class='ocrx_word' id='word_1_308' title='bbox 1680 2846 1763 2876; x_wconf 84' lang='lat' dir='ltr'><strong>om.</strong></span> <span class='ocrx_word' id='word_1_309' title='bbox 1790 2837 1825 2874; x_wconf 81' lang='lat' dir='ltr'>D</span> 
     </span>
    </p>
   </div>
   <div class='ocr_carea' id='block_1_4' title="bbox 261 2888 1942 2993">
    <p class='ocr_par' dir='ltr' id='par_1_7' title="bbox 261 2888 1942 2993">
     <span class='ocr_line' id='line_1_38' title="bbox 261 2888 1942 2947; baseline 0.002 -16"><span class='ocrx_word' id='word_1_310' title='bbox 261 2892 315 2931; x_wconf 82' lang='lat'><strong>29</strong></span> <span class='ocrx_word' id='word_1_311' title='bbox 342 2888 549 2933; x_wconf 84' lang='lat' dir='ltr'><strong>scelestis</strong></span> <span class='ocrx_word' id='word_1_312' title='bbox 576 2889 619 2947; x_wconf 91' lang='grc' dir='ltr'><strong>σ]</strong></span> <span class='ocrx_word' id='word_1_313' title='bbox 645 2890 918 2934; x_wconf 85' lang='lat' dir='ltr'><strong>scelestibus</strong></span> <span class='ocrx_word' id='word_1_314' title='bbox 941 2890 1234 2933; x_wconf 78' lang='lat' dir='ltr'><strong>Psterilibus</strong></span> <span class='ocrx_word' id='word_1_315' title='bbox 1253 2890 1292 2930; x_wconf 94' lang='grc' dir='ltr'><em>Δ</em></span> <span class='ocrx_word' id='word_1_316' title='bbox 1323 2888 1327 2944; x_wconf 92' lang='grc' dir='ltr'>Ι</span> <span class='ocrx_word' id='word_1_317' title='bbox 1356 2889 1524 2932; x_wconf 72' lang='lat' dir='ltr'><strong>eaecz&#39;dit</strong></span> <span class='ocrx_word' id='word_1_318' title='bbox 1539 2891 1658 2933; x_wconf 75' lang='lat' dir='ltr'><strong>velut</strong></span> <span class='ocrx_word' id='word_1_319' title='bbox 1675 2890 1889 2935; x_wconf 86' lang='lat' dir='ltr'><strong>nefandis</strong></span> <span class='ocrx_word' id='word_1_320' title='bbox 1916 2908 1942 2934; x_wconf 77' lang='grc' dir='ltr'>κ</span> 
     </span>
     <span class='ocr_line' id='line_1_39' title="bbox 262 2947 851 2993; baseline 0.007 -4"><span class='ocrx_word' id='word_1_321' title='bbox 262 2951 317 2989; x_wconf 91' lang='grc'><strong>30</strong></span> <span class='ocrx_word' id='word_1_322' title='bbox 350 2947 655 2991; x_wconf 87' lang='lat' dir='ltr'><strong>servientibus</strong></span> <span class='ocrx_word' id='word_1_323' title='bbox 688 2963 798 2993; x_wconf 83' lang='lat' dir='ltr'><strong>corr.</strong></span> <span class='ocrx_word' id='word_1_324' title='bbox 827 2963 851 2992; x_wconf 84' lang='lat'>6</span> 
     </span>
    </p>
   </div>
  </div>
 </body>
</html>
