2038 3162
205 159 438 206 XXXVIII
658 161 966 206 APPENDIX
996 161 1452 208 PRAEFATIONIS.

205 293 356 351 agitat
446 307 488 339 22
529 294 781 351 agitationi
813 295 1063 351 quicquam
1098 297 1105 353 Ι
1138 291 1370 353 potestem
1461 310 1503 342 24
1534 297 1710 355 rursus]
1743 310 1903 341 cursus

206 365 248 397 27
266 353 371 410 ipsa
387 367 471 398 om.
533 366 575 398 28
599 353 840 412 fulgurum
903 355 1000 400 133
1025 355 1304 411 quotidiana
1357 368 1379 400 5
1405 357 1661 412 sequuntur
1714 369 1733 400 9
1757 355 1903 399 radiis

206 425 248 456 10
272 411 407 456 nobis
470 426 511 457 11
538 413 729 457 solemn.
793 426 835 458 12
859 413 1051 457 luminis
1113 427 1154 459 21
1178 414 1451 472 impeditus]
1477 415 1689 472 perditus
1744 427 1786 460 26
1810 417 1903 459 ter-

204 486 418 515 renorum
458 471 692 516 halituum
768 485 811 518 28
841 472 1130 530 providimus
1203 486 1245 518 29
1278 473 1462 531 colligit
1535 487 1579 518 30
1611 474 1771 518 solerti
1810 474 1900 519 div.

205 530 541 587 disputationis
606 530 667 575 14
686 546 703 576 1
727 535 868 588 putas
927 547 946 577 2
972 533 1085 588 quia
1137 545 1159 576 4
1183 532 1435 588 aquilionis
1489 546 1509 577 6
1533 533 1901 591 retrogradando

208 602 227 634 7
261 589 554 635 substituunt
615 603 657 635 10
689 591 888 635 mistura
949 606 990 636 11
1021 591 1298 636 radiationis
1362 605 1403 637 12
1434 593 1534 650 hos]
1567 592 1732 637 horum
1788 593 1902 636 assi-

170 700 173 703 ,
208 649 302 692 dua
342 651 544 706 comput.
578 650 753 695 observ.
833 663 874 694 13
907 653 1091 708 oportet
1127 653 1228 696 hab.
1307 664 1348 696 17
1379 651 1519 695 facile
1596 665 1638 697 26
1669 651 1902 695 undarum

207 708 393 765 elapsus
426 711 499 765 (=
517 710 571 766 V)
634 722 676 753 30
709 710 924 766 concepit
1002 709 1101 754 153
1134 724 1274 767 quam
1336 725 1377 756 12
1408 711 1575 768 inquid
1636 724 1679 756 14
1710 711 1901 755 commi-

210 768 358 811 stione
420 780 462 812 19
494 767 604 812 freti
636 783 719 814 om.
785 781 827 814 25
859 768 1096 826 similique
1158 783 1199 814 26
1232 784 1335 814 eum
1367 770 1456 814 hoc
1488 772 1561 827 (=
1578 774 1630 824 V)
1692 783 1733 815 27
1767 770 1902 814 dissi-

208 827 334 870 milis
398 827 498 871 163
531 828 936 872 coniunctionibus
999 841 1019 874 9
1045 829 1285 886 sanguinis
1339 831 1520 888 tamen]
1543 831 1644 873 tum
1699 843 1739 874 11
1766 829 1902 873 alteri

207 901 290 931 om.
377 898 419 930 13
459 887 524 945 et]
565 900 620 931 ac
704 901 747 932 14
785 890 987 944 quatuor
1017 889 1091 944 (=
1108 891 1216 944 MV)
1252 891 1257 945 Ι
1293 889 1615 932 commistione
1646 894 1687 933 et
1716 891 1902 946 saepius

206 959 248 990 21
283 945 364 1003 ad]
391 959 444 989 ac
469 948 666 1003 (=MV)
729 960 772 991 24
802 948 1069 992 temeritate
1141 948 1197 991 17
1219 961 1237 992 7
1269 948 1563 1004 procuranda
1623 961 1644 992 8
1674 950 1902 1005 perpetua

209 1017 229 1049 9
255 1004 600 1062 defatigatione
648 1019 690 1050 18
716 1007 1046 1051 confidentiam
1094 1019 1136 1051 19
1161 1009 1209 1050 et
1232 1021 1314 1051 om.
1364 1020 1406 1052 22
1428 1009 1682 1065 perpetuae
1729 1020 1770 1053 29
1794 1021 1899 1064 pro-

204 1064 361 1120 phano
387 1067 459 1121 (=
477 1066 532 1122 V)
596 1064 656 1109 18
675 1078 695 1109 9
728 1066 952 1122 suscipiat
1013 1079 1056 1111 10
1088 1066 1316 1123 suppliter
1377 1079 1418 1111 13
1451 1067 1790 1111 Hoc—facere
1814 1082 1898 1112 om.

209 1136 250 1167 19
280 1124 534 1180 prudentia
595 1138 636 1169 22
668 1124 875 1183 intelligi
936 1138 978 1170 23
1010 1127 1058 1169 et
1079 1126 1181 1170 hab.
1235 1126 1494 1170 incensuris
1563 1138 1605 1171 26
1637 1126 1900 1170 coerctione

205 1195 248 1227 28
279 1182 368 1241 vis]
408 1183 480 1227 ius
574 1183 674 1229 192
707 1185 819 1240 quid
889 1198 909 1229 6
943 1185 1068 1240 quod
1107 1185 1306 1228 fatorum
1346 1200 1429 1230 om,
1499 1198 1520 1230 8
1553 1185 1774 1229 debemus
1814 1200 1897 1230 om.

206 1254 247 1287 15
279 1243 367 1301 vis]
399 1242 472 1286 ius
527 1243 710 1299 perficit
771 1257 813 1289 20
844 1244 1060 1301 peribent
1086 1245 1092 1302 Ι
1120 1246 1344 1300 tanquam
1372 1249 1444 1301 (=
1461 1247 1514 1302 V)
1578 1244 1679 1289 204
1710 1244 1901 1302 fragilia

206 1313 226 1346 5
251 1301 378 1345 cerni
440 1314 458 1346 7
485 1316 634 1347 errore
659 1318 742 1348 om.
807 1316 848 1348 16
874 1317 995 1359 quae
1019 1304 1189 1348 scitum
1243 1317 1284 1348 17
1311 1304 1444 1360 atqui
1469 1307 1541 1361 (=
1561 1306 1611 1361 Q.)
1673 1317 1715 1349 2ο
1740 1318 1899 1347 cursus

206 1373 246 1404 21
281 1360 520 1405 stellarum
553 1376 672 1417 quae
705 1363 974 1419 operatione
1050 1376 1093 1408 24
1123 1363 1352 1407 maiorum
1425 1376 1467 1408 26
1498 1363 1728 1420 irrogatas
1760 1366 1834 1419 (=
1850 1365 1900 1420 P)

207 1419 266 1463 21
287 1433 308 1465 3
340 1421 406 1479 et]
439 1423 512 1465 est
573 1421 841 1481 delationis]
874 1422 1131 1467 latiotionis
1193 1435 1212 1466 5
1245 1423 1492 1467 succubuit
1516 1426 1588 1479 (=
1607 1426 1660 1480 V)
1724 1435 1742 1466 7
1775 1422 1900 1466 dice-

205 1494 307 1523 mus
340 1483 413 1537 (=
437 1482 483 1536 v)
576 1493 596 1525 9
629 1483 676 1525 et
706 1483 859 1539 prius]
899 1484 954 1526 ut
1045 1495 1085 1526 12
1126 1481 1250 1525 enim
1290 1496 1373 1527 om.
1467 1495 1510 1526 14
1548 1482 1629 1525 vis.
1663 1481 1747 1525 Vis
1787 1495 1901 1539 ergo

205 1538 336 1582 aliud
406 1551 448 1583 15
481 1540 729 1584 coarcteris
792 1554 834 1585 19
867 1541 934 1599 Si]
959 1541 1040 1584 sed
1103 1553 1145 1585 28
1177 1541 1378 1600 positus]
1402 1544 1508 1598 post
1576 1541 1638 1585 22
1658 1555 1677 1586 2
1709 1541 1771 1600 Is]
1797 1541 1899 1598 ipse

205 1610 228 1642 4
259 1597 503 1642 Crotonem
565 1612 585 1644 9
618 1603 853 1644 crassante
916 1614 956 1646 11
990 1600 1248 1645 contemnis
1285 1615 1369 1645 om.
1440 1614 1482 1645 12
1512 1600 1782 1645 nocentium
1815 1615 1898 1645 om.

205 1669 248 1701 14
279 1657 599 1714 iniquissimus
632 1660 671 1702 si
745 1673 786 1704 16
818 1660 1102 1717 repugnabis
1179 1672 1221 1704 19
1253 1660 1474 1705 innocens
1507 1675 1589 1704 om.
1651 1660 1899 1703 damnatus

205 1729 246 1760 20
278 1730 466 1761 severae
561 1730 601 1763 25
632 1719 849 1775 propriae
881 1719 984 1762 virt.
1018 1720 1284 1763 ostenderet
1368 1732 1411 1764 26
1443 1719 1573 1763 adito
1659 1731 1702 1763 30
1734 1733 1782 1763 se
1814 1733 1897 1764 om.

206 1774 268 1819 23
286 1789 305 1820 6
331 1777 494 1835 etiam]
519 1779 567 1820 et
621 1790 640 1822 7
666 1779 712 1821 et
736 1793 820 1823 om.
884 1792 925 1823 11
952 1778 1155 1822 civitatis
1174 1805 1227 1810 —
1248 1793 1288 1823 12
1313 1779 1573 1822 moderatio
1599 1792 1682 1823 om.
1747 1790 1788 1822 13
1819 1792 1898 1822 ne-

204 1836 316 1894 que]
347 1849 432 1880 nec
495 1849 538 1881 14
568 1836 811 1894 flagrantis
844 1852 929 1882 000
991 1850 1032 1881 18
1063 1838 1214 1894 primo
1277 1851 1319 1882 22
1351 1838 1451 1894 has]
1477 1838 1595 1882 haec
1657 1850 1698 1882 25
1732 1851 1899 1894 aggre-

206 1894 334 1937 ditur
361 1899 433 1952 (=
451 1898 511 1950 M)
573 1909 614 1941 26
645 1897 925 1941 immetuens
987 1910 1028 1941 29
1061 1911 1159 1941 esse
1185 1912 1268 1941 om.
1332 1909 1373 1940 31
1407 1899 1528 1941 sorte
1607 1896 1669 1940 24
1689 1910 1708 1941 6
1739 1896 1789 1939 in
1814 1911 1897 1941 om.

205 1956 279 2009 (=
296 1958 350 2011 V)
427 1968 447 1999 8
479 1954 652 2012 frigido
685 1958 757 2012 (=
775 1959 830 2012 V)
906 1969 926 2000 9
966 1956 1112 2000 aciem
1154 1956 1542 2013 splendoremque
1618 1969 1660 2000 10
1690 1955 1900 2012 perdidit

204 2013 320 2072 <et>
397 2027 437 2058 11
470 2015 654 2071 magnis
697 2017 703 2072 Ι
744 2016 901 2074 putre]
934 2018 1090 2072 preter
1166 2028 1208 2059 13
1239 2016 1476 2060 tabescere
1553 2027 1594 2059 17
1627 2015 1900 2059 discedebat

206 2084 248 2116 2ο
278 2073 399 2117 veris
462 2086 503 2117 21
537 2074 757 2118 sensisset
828 2087 872 2119 24
903 2075 1019 2118 dicis
1048 2077 1054 2131 Ι
1082 2075 1207 2132 eum]
1241 2075 1365 2119 enim
1427 2088 1467 2119 27
1500 2075 1589 2118 iste
1621 2075 1781 2129 itaque
1807 2073 1899 2117 vim

205 2143 247 2175 28
280 2131 583 2176 decreverunt
621 2135 668 2177 et
758 2146 801 2178 30
839 2133 1003 2192 (vim)
1042 2133 1489 2194 potestatem<que>
1580 2146 1622 2178 31
1664 2133 1782 2192 Scis]
1823 2132 1899 2176 Sic

209 2191 393 2247 lrursus
419 2198 474 2235 ut
534 2192 626 2237 252
660 2193 932 2236 sustinuerit
957 2207 1042 2238 om.
1103 2205 1123 2236 3
1156 2199 1263 2248 post
1286 2193 1448 2247 trium3
1480 2195 1586 2249 post
1609 2192 1898 2248 quiescentia

207 2263 503 2294 erumnarum
566 2264 584 2295 7
609 2251 794 2295 induxit
818 2255 890 2309 (=
911 2255 981 2308 Ψ)
1037 2265 1057 2296 8
1080 2255 1132 2295 ut
1153 2254 1254 2297 hab.
1312 2267 1352 2296 11
1378 2254 1698 2308 percurrerent
1752 2263 1792 2295 12
1818 2251 1899 2295 do-

211 2309 450 2353 minantur
512 2323 554 2354 14
578 2310 775 2354 infamia
800 2311 1208 2366 maculationeque
1271 2325 1312 2355 15
1338 2311 1501 2355 Sillam
1563 2324 1604 2356 16
1629 2310 1897 2368 nundinati]

204 2369 463 2412 venundati
533 2382 574 2414 17
607 2374 652 2413 et
683 2385 768 2414 om.
829 2371 1055 2414 uttotiens
1089 2370 1320 2415 diceretur
1350 2371 1463 2415 felix
1536 2382 1576 2414 21
1608 2369 1898 2426 parricidiali

207 2427 511 2471 collocatione
614 2441 656 2473 25
696 2430 814 2488 foro]
855 2430 956 2472 sinu
1058 2442 1098 2473 27
1138 2429 1372 2473 nullorum
1494 2429 1594 2473 263
1634 2443 1774 2472 senex
1812 2442 1895 2473 om.

209 2498 230 2530 5
261 2486 522 2543 gubernare
553 2487 751 2544 imperia
776 2489 1037 2532 sciebamus
1070 2487 1119 2531 in
1158 2491 1349 2545 pretura
1374 2502 1401 2531 a
1425 2489 1642 2545 preturae
1673 2487 1898 2544 petitione

206 2557 227 2589 6
260 2546 391 2589 cuius
469 2559 510 2590 10
542 2547 615 2590 his
649 2562 731 2592 om.
811 2560 853 2591 13
887 2547 1168 2591 Sillanorum
1245 2561 1286 2591 18
1318 2546 1634 2604 parricidialis
1673 2546 1898 2603 praefecti

207 2617 248 2647 21
275 2607 320 2647 et
342 2619 426 2649 om.
497 2605 592 2650 272
624 2606 811 2651 fuerunt
869 2620 892 2651 4
923 2608 970 2664 a]
1003 2621 1057 2650 ac
1119 2619 1139 2651 6
1164 2607 1332 2663 spiritu
1394 2619 1414 2651 9
1447 2606 1587 2650 etiam
1613 2621 1695 2651 om.
1728 2619 1896 2649 nomen

207 2676 248 2706 11
275 2663 565 2723 (quoniam)
590 2679 674 2709 nec
705 2680 765 2709 cr.
793 2666 1047 2722 cupiditate
1116 2678 1157 2709 13
1189 2669 1294 2722 post
1316 2667 1617 2722 peragratum
1642 2664 1799 2708 orbem
1826 2666 1897 2707 at-

208 2736 297 2778 que
321 2737 584 2778 possessum
656 2738 695 2768 17
721 2724 980 2768 miserrima
1002 2725 1189 2768 honoris
1252 2737 1294 2769 20
1318 2739 1428 2768 suae
1453 2739 1536 2769 om.
1615 2723 1677 2768 28
1693 2736 1712 2768 3
1743 2723 1894 2780 publi-

208 2783 342 2825 catae
402 2796 424 2826 4
448 2782 568 2826 nihil
591 2783 855 2827 fortitudini
873 2799 954 2828 om.
1012 2797 1030 2827 7
1055 2786 1295 2840 grassatur
1318 2783 1512 2840 imperio
1530 2798 1613 2828 om.
1675 2795 1696 2827 9
1720 2782 1895 2826 refutas

208 2853 247 2883 11
283 2842 350 2899 et]
377 2855 430 2884 ac
493 2856 673 2898 semper
697 2857 780 2887 om.
845 2856 886 2887 12
910 2843 1117 2886 instituti
1178 2857 1219 2886 14
1243 2842 1460 2886 ultricum
1486 2843 1676 2886 dearum
1738 2854 1779 2886 15
1810 2841 1896 2884 110-

206 2899 338 2954 peria
369 2914 427 2944 ne
460 2901 541 2956 qui
603 2915 643 2945 16
675 2901 868 2961 <00101>
899 2916 983 2958 per
1009 2905 1016 2957 Ι
1044 2902 1185 2945 etiam
1209 2916 1291 2946 om.
1355 2914 1396 2945 17
1428 2915 1520 2944 non
1543 2902 1643 2946 hab.
1707 2913 1749 2945 19
1779 2915 1896 2943 nun-

208 2958 319 3002 tiari
345 2959 457 3003 diris
482 2959 585 3004 ultr.
643 2973 685 3006 20
709 2961 782 3004 his
807 2976 887 3006 om.
939 2973 980 3005 22
1004 2961 1111 3019 hoc]
1136 2961 1252 3004 haec
1298 2973 1341 3005 24
1366 2960 1628 3004 cumulatus
1675 2972 1717 3004 28
1742 2959 1896 3015 quiete
