2066 3192
837 139 879 183 V
912 144 952 194 1,
976 152 1113 184 6—11.
1801 139 1829 191 7

147 262 383 314 animum
415 260 527 314 eius
560 279 657 328 per
688 260 860 313 varias
895 263 1199 329 temporum
1240 260 1380 312 vices
1411 259 1661 312 maximis
1693 259 1834 313 solli-

148 333 476 389 citudinibus
494 333 768 387 cruciabit.
801 333 1041 387 Habebit
1058 332 1304 387 inimicos
1322 336 1376 386 ct
1393 332 1644 386 derelicta
1660 332 1835 402 patria

155 409 450 480 peregrinis
487 409 798 462 nationibus
838 407 1207 476 inmorabitur,
1248 407 1338 460 sed
1377 425 1617 460 reversus
1648 410 1835 476 postea

148 483 215 536 ad
251 486 502 552 paternos
541 482 678 536 lares
720 483 940 536 deorum
979 500 1034 535 se
1067 481 1283 550 putabit
1315 482 1581 550 praesidio
1621 483 1835 535 restitu-

104 578 123 612 5
147 561 278 611 tum.
349 555 407 609 Si
446 556 503 609 in
533 555 759 627 Virgine
796 555 939 609 IMC.
972 556 1131 610 cardo
1170 555 1348 624 fuerit,
1387 575 1416 607 a
1448 556 1624 624 prima
1663 559 1836 609 aetate

148 632 294 684 varia
331 631 574 684 laborum
615 631 1018 684 continuatione
1057 629 1409 699 quassabitur,
1450 629 1544 682 sed
1582 648 1836 698 processu

148 705 406 774 temporis
422 705 686 757 maximae
703 705 978 758 felicitatis
996 705 1322 758 incrementa
1339 705 1695 773 consequitur.
1733 703 1837 758 Sed

147 779 279 833 haec
303 779 529 850 singulis
555 798 654 848 pro
679 797 926 832 mensura
946 779 1223 850 geniturae
1250 778 1581 847 provenient,
1606 778 1748 847 quod
1780 779 1838 831 in

150 854 398 907 omnibus
438 853 576 907 sicut
613 854 919 923 frequenter
954 853 1185 906 diximus
1218 852 1498 905 observare
1538 852 1768 905 debebis.

84 950 126 982 10
265 927 706 998 [Horoscopus
768 927 833 980 in
896 926 1180 994 Cancr0.]
1265 925 1322 980 Si
1384 927 1720 995 horoscopus
1782 925 1927 980 inlO

150 1001 353 1057 Cancro
404 1003 568 1056 fuerit
614 1003 878 1070 inventuS,
924 1002 1086 1056 faciet
1132 1005 1315 1055 acutos
1357 1019 1566 1070 semper
1604 1001 1838 1072 ingeniO,

150 1076 242 1131 sed
291 1077 383 1146 qui
431 1079 622 1130 cuncta
662 1094 780 1130 cum
821 1077 1091 1129 tarditatis
1133 1076 1496 1129 moderatione
1543 1075 1838 1144 perficiant.

148 1150 331 1204 Faciet
354 1169 543 1222 graves
575 1150 777 1220 doctos,
802 1155 854 1204 et
878 1151 971 1220 qui
1004 1151 1238 1222 graviter
1272 1151 1429 1204 irasci
1452 1151 1839 1220 consueverint,

150 1233 202 1278 et
241 1226 334 1294 qui
371 1224 540 1279 malos
582 1243 765 1278 omnes
799 1226 994 1278 severis
1025 1224 1491 1296 indignationibus
1522 1243 1840 1294 persequan-

83 1319 126 1353 15
149 1303 252 1364 tur,
290 1300 458 1353 fortes
497 1300 816 1368 moderatos,
857 1300 947 1352 sed
990 1318 1216 1368 quorum
1253 1299 1553 1369 indignatio
1586 1298 1839 1353 facillime

152 1374 485 1445 [indignetur
531 1374 606 1444 et]
654 1374 945 1444 mitigetur.
1015 1373 1307 1427 Habebunt
1354 1392 1479 1426 sane
1524 1373 1665 1426 vitae
1720 1373 1841 1426 sub-

150 1450 404 1502 stantiam
452 1467 516 1501 ex
564 1448 798 1517 publicis
837 1449 923 1502 vel
970 1466 1034 1500 ex
1080 1448 1242 1519 regiis
1284 1448 1362 1518 [et
1398 1447 1651 1516 publicis]
1692 1449 1840 1517 lociS,

151 1523 345 1592 quibus
383 1524 523 1576 vitae
567 1524 676 1576 illis
716 1523 1015 1576 substantia
1060 1523 1378 1590 conferetur,
1418 1525 1472 1575 et
1512 1525 1669 1575 erunt
1709 1540 1841 1575 sem-

151 1615 249 1667 per
286 1598 343 1650 in
389 1597 622 1666 publicis
660 1597 1070 1651 necessitatibus
1111 1598 1374 1665 occupati,
1416 1596 1508 1650 sed
1546 1596 1656 1649 illis
1695 1596 1842 1650 varia

86 1692 128 1725 80
153 1671 467 1725 necessitate
515 1673 759 1740 conpulsi
806 1671 1026 1740 plurimi
1067 1671 1423 1724 blandientur.
1477 1670 1581 1724 Sed
1613 1671 1659 1725 si
1689 1670 1842 1724 horo-

153 1764 314 1816 scopo
348 1746 405 1799 in
433 1745 637 1799 Cancro
671 1746 966 1799 constituto
1001 1745 1099 1816 [et]
1128 1745 1388 1799 Saturnus
1420 1746 1476 1798 in
1509 1763 1571 1798 eo
1598 1745 1843 1815 <fuerit>,

153 1824 246 1874 aut
297 1839 417 1873 eum
457 1820 651 1874 viderit
659 1862 673 1887 ,
720 1824 813 1873 aut
859 1820 1150 1873 violentam
1204 1824 1432 1873 mortem
1486 1819 1699 1888 facient,
1750 1824 1842 1872 aut

154 1895 352 1965 grande
391 1894 703 1947 valitudinis
743 1895 988 1948 incidunt
1022 1894 1230 1963 vitium,
1274 1897 1366 1946 aut
1404 1895 1609 1963 priores
1650 1894 1842 1946 fratres

153 1987 250 2038 pro
276 1970 408 2039 ipsis
433 1970 646 2022 vicariis
678 1970 946 2022 mortibus
978 1969 1290 2021 interibunt.
1340 1967 1396 2021 Si
1429 1968 1486 2020 in
1509 1967 1694 2021 Ariete
1725 1967 1842 2021 Mc.
1866 1964 1927 2016 11

87 2064 128 2098 25
153 2043 310 2096 cardo
363 2043 543 2112 fuerit,
591 2062 712 2096 cum
758 2043 1155 2112 potentioribus
1196 2042 1324 2095 viris
1372 2042 1587 2095 assidua
1631 2060 1843 2096 conver-

274 2180 297 2219 1
326 2175 552 2233 animum]
578 2175 759 2218 animus
786 2190 813 2217 a
898 2180 922 2217 2
950 2174 1321 2218 sollicitudinum
1348 2174 1470 2217 curis
1495 2178 1534 2216 N
1562 2175 1567 2230 Ι
1596 2173 1843 2231 cruciabit]

154 2233 440 2278 cruciabitur
454 2238 530 2277 Na
558 2233 566 2292 Ι
594 2233 817 2277 derelicta
841 2234 998 2290 patria
1013 2233 1129 2292 A'o]
1154 2233 1280 2277 victa
1303 2233 1460 2290 patria
1484 2237 1563 2275 BG
1586 2233 1737 2277 vitam
1760 2246 1844 2289 pa-

154 2293 294 2338 triam
319 2296 358 2337 A
482 2298 507 2336 3
540 2294 799 2336 inmoratur
831 2295 854 2345 ζ
972 2298 1000 2336 4
1030 2293 1221 2350 putabit
1258 2292 1493 2349 praesidio
1527 2306 1575 2336 se
1603 2295 1724 2335 ΔΒΟ

156 2358 181 2396 6
207 2352 382 2397 contin.
407 2352 498 2396 lab.
525 2355 565 2396 Δ
661 2356 684 2395 7
712 2354 1020 2407 consequetur
1048 2355 1135 2396 ΓΝ
1227 2356 1252 2394 8
1278 2352 1555 2409 proveniant
1581 2353 1620 2394 Δ
1646 2353 1769 2408 (—unt
1792 2354 1843 2407 Ε)

158 2416 212 2456 10
245 2413 406 2456 lemma
437 2414 579 2457 om.A
676 2417 728 2455 11
762 2412 878 2455 facit
902 2414 989 2455 AG
1081 2417 1135 2455 12
1168 2411 1338 2467 quibus
1370 2415 1491 2454 Boe
1584 2415 1638 2455 13
1670 2410 1846 2454 facient

156 2473 196 2515 Δ
233 2470 240 2530 Ι
274 2484 439 2527 graves
465 2471 510 2530 σ]
543 2485 704 2515 suaves
797 2472 1024 2526 doctores,
1055 2484 1169 2516 corr.
1194 2486 1223 2513 v
1325 2475 1378 2513 14
1413 2472 1756 2526 consequantur
1778 2470 1846 2515 vel

156 2532 378 2586 —quentur
394 2533 433 2574 A
514 2535 567 2574 16
586 2531 668 2575 del.
684 2545 710 2574 σ
788 2535 840 2574 17
860 2531 1083 2574 del.A1>13
1163 2534 1216 2574 18
1236 2530 1505 2589 <e>quibus
1525 2544 1550 2573 σ
1623 2534 1677 2572 19
1694 2530 1744 2572 in
1761 2543 1843 2574 om.

158 2592 197 2633 A
226 2592 232 2646 1
260 2589 620 2634 necessitatibus
637 2591 909 2647 (necessitas
927 2612 981 2626 =
1000 2587 1132 2646 χρεία
1149 2589 1213 2648 κ)]
1237 2588 1635 2647 negotiationibus
1652 2594 1689 2631 A
1716 2591 1722 2644 Ι
1750 2588 1845 2632 illis

157 2649 204 2706 a]
235 2648 307 2692 illi
391 2653 447 2692 20
470 2648 672 2705 plurima
697 2652 736 2693 A
767 2651 770 2656 ’
801 2650 858 2707 si]
885 2648 965 2704 qui
990 2651 1030 2692 A
1061 2650 1065 2706 ζ
1093 2649 1376 2705 horoscopus
1401 2649 1450 2692 in
1475 2648 1520 2693 C.
1548 2648 1844 2701 constitutus,

159 2722 270 2753 corr.
290 2724 317 2750 a
410 2713 461 2751 21
498 2710 546 2751 et
570 2709 669 2763 (del.
696 2711 740 2765 κ)
767 2709 860 2753 Sat.
887 2709 934 2751 in
968 2722 1021 2752 eo
1056 2710 1137 2751 aut
1161 2722 1267 2752 eum
1291 2707 1459 2751 viderit
1484 2708 1545 2810 Al]
1571 2710 1653 2751 aut
1676 2707 1847 2751 viderit

160 2769 243 2812 aut
266 2767 518 2811 Saturnum
545 2770 592 2811 Γ
611 2770 710 2824 (aut
741 2768 830 2812 vid.
860 2767 901 2811 S.
929 2770 980 2823 G)
1012 2768 1117 2811 add.
1144 2783 1171 2809 a
1270 2772 1324 2809 22
1360 2770 1443 2810 aut
1475 2766 1613 2810 viem
1645 2768 1728 2810 aut
1750 2766 1845 2809 vio-

160 2825 335 2870 lentam
361 2829 400 2870 A
429 2830 435 2883 1
470 2826 614 2870 faciet
639 2830 678 2871 A
794 2832 849 2870 23
874 2826 1090 2871 indicunt
1114 2843 1141 2870 κ
1184 2829 1190 2882 Ι
1232 2826 1410 2882 priores
1434 2827 1482 2884 κ]
1507 2826 1746 2883 propiores
1770 2830 1846 2868 Nv

159 2885 371 2942 proprios
388 2889 425 2928 Δ
447 2886 710 2942 propriores
727 2890 760 2929 B
772 2891 802 2929 0
814 2891 936 2928 GDE
961 2885 1138 2943 proprii
1154 2903 1181 2929 κ
1193 2899 1218 2929 σ
1235 2886 1462 2942 (proprios
1489 2918 1498 2928 .
1514 2918 1544 2929 ..
1571 2884 1845 2928 interimunt

160 2945 198 3000 ζ)
320 2949 376 2988 24
411 2944 596 2989 vicariis
633 2946 699 3005 Γ]
730 2945 873 2989 variis
907 2947 946 2989 A
1069 2950 1124 2988 25
1158 2945 1296 2988 cardo
1330 2959 1412 2989 om.
1439 2947 1478 2988 A
