2066 3192
778 130 842 180 VI
875 138 945 191 10,
969 136 1144 191 10—11,
1168 146 1200 179 5.
1764 129 1835 185 93

150 255 461 327 proficiendi
494 256 796 310 occasiones
826 256 1332 326 promotionumque
1365 255 1576 308 ordines
1603 255 1840 324 maligna

153 332 350 385 decreti
403 330 772 399 conpositione
826 347 1034 400 semper
1086 330 1365 399 inpugnat.
1453 328 1512 382 Si
1565 346 1689 382 vero
1745 327 1889 382 8012

153 407 394 491 superior
440 405 658 458 effectus
717 407 771 457 et
818 404 1061 457 dextrum
1099 404 1379 473 possidens
1424 403 1566 456 latus
1612 402 1840 455 Martem

154 482 208 533 in
258 478 499 532 inferiori
547 480 667 531 loco
718 480 1068 532 constitutum
1119 479 1377 548 quadrata
1425 477 1720 531 radiatione
1766 495 1842 530 re-

110 578 128 610 5
154 554 400 624 spexerit,
443 555 497 606 et
533 553 676 637 patri
715 557 768 606 et
805 553 909 622 ipsi
949 553 1042 622 qui
1081 556 1237 606 natus
1275 552 1440 606 fuerit
1478 571 1544 605 ex
1580 553 1684 605 ista
1722 569 1843 605 con-

154 628 425 682 iunctione
471 628 725 680 miserum
763 630 1110 697 praeparatur
1145 627 1390 697 exitium,
1429 626 1843 679 infortuniorum

155 705 397 755 cumulus
426 701 786 772 <in>ponitur,
826 705 879 755 et
920 702 1064 755 varia
1095 701 1456 755 calamitatum
1490 701 1846 754 decernuntur

155 777 514 843 incommoda,
555 776 843 829 seditiones
884 776 1133 846 concitat,
1170 795 1379 847 pugnas
1418 775 1623 844 indicit,
1662 778 1716 828 et
1753 793 1844 844 po-

155 851 359 920 pularis
414 851 888 904 animadversionis
943 851 1140 904 excitat
1193 850 1477 904 metuenda
1527 849 1846 903 discrimina.

89 949 131 982 10
156 925 259 980 Sed
298 928 351 978 et
389 926 598 996 integra
635 925 829 978 mentis
869 928 922 978 et
961 925 1307 978 consiliorum
1337 925 1686 978 fundamenta
1716 942 1846 976 sem-
1865 922 1900 976 3

154 1019 250 1070 per
288 1019 353 1053 ex
392 1020 532 1067 ***,
587 999 815 1051 aliorum
870 999 1038 1053 oculis
1088 1000 1342 1052 miserum
1392 999 1601 1068 pondus
1653 998 1815 1052 caeci·
1834 1009 2030 1054 fol-W!

155 1075 282 1127 tatis
306 1074 508 1128 indicit.
572 1072 676 1127 Sed
702 1074 831 1126 haec
855 1073 1216 1144 periculorum
1241 1074 1551 1126 discrimina
1574 1073 1631 1126 in
1656 1073 1846 1126 diurna

156 1149 402 1220 genitura
454 1149 649 1203 fortius
700 1149 1052 1217 concitantur,
1106 1149 1420 1218 praesertim
1473 1148 1518 1200 si
1569 1148 1671 1201 ista
1723 1165 1845 1200 con-

156 1224 358 1276 iunctio
411 1240 531 1275 cum
580 1223 880 1291 horoscopo
932 1222 1095 1275 fuerit
1141 1223 1338 1276 minaci
1382 1223 1676 1275 radiatione
1724 1239 1846 1276 con-

91 1320 132 1353 15
156 1300 352 1367 iuncta,
398 1298 484 1350 vel
530 1298 575 1349 si
614 1297 757 1350 Mars
804 1298 861 1350 in
907 1315 1098 1350 occasu
1143 1298 1351 1366 positus
1399 1297 1483 1350 vel
1519 1295 1637 1350 MC.
1678 1297 1847 1365 possi-

159 1374 287 1426 dens
332 1376 537 1442 partem
586 1372 707 1440 <vel
752 1372 843 1440 in>
890 1371 996 1424 alio
1045 1372 1258 1426 cardine
1297 1373 1622 1425 constitutus
1663 1370 1846 1423 Lunae

158 1449 339 1500 lumen
386 1446 668 1500 crescentis
717 1447 994 1515 exceperit.
1073 1446 1223 1500 Tunc
1268 1446 1485 1516 publica
1524 1445 1902 1498 animadver-4

160 1523 307 1574 sione
347 1523 646 1590 prostratos
686 1521 894 1574 miseris
934 1520 1350 1574 lacerationibus
1391 1520 1674 1590 dissipant,
1725 1523 1854 1572 tunc

159 1595 408 1666 populari
448 1595 904 1648 animadversione
943 1596 1188 1648 laceratis
1229 1596 1450 1648 artubus
1489 1596 1662 1648 honor
1701 1594 1854 1646 dene-

94 1694 137 1725 20
162 1674 318 1741 gatur
366 1670 576 1722 debitus
624 1671 950 1739 sepulturae,
1004 1674 1064 1722 ut
1110 1670 1587 1723 animadversionis
1634 1672 1688 1722 et
1732 1672 1855 1737 post

160 1748 387 1797 mortem
426 1748 798 1813 perseverante
837 1744 1142 1797 discrimine
1180 1745 1351 1797 maior
1389 1743 1708 1797 calamitatis
1749 1743 1854 1796 exi-

161 1824 248 1872 tus
306 1822 576 1889 augeatur.
664 1817 768 1871 Sed
823 1822 876 1871 et
929 1819 986 1870 in
1038 1822 1301 1872 nocturna
1347 1819 1593 1888 genitura
1640 1836 1706 1870 ex
1752 1818 1855 1870 ista

164 1894 537 1947 coniunctione
583 1892 713 1946 haec
761 1893 942 1946 eadem
983 1894 1147 1946 simili
1184 1893 1409 1946 rationis
1449 1893 1634 1946 ordine
1671 1909 1856 1961 perpe-

162 1971 387 2021 trantur.

99 2065 139 2097 25
277 2042 464 2111 [Mars
513 2045 573 2094 et
615 2041 824 2094 Venus
873 2042 1207 2111 quadrati]
1288 2041 1345 2095 Si
1391 2041 1536 2094 Mars
1583 2044 1636 2094 et
1674 2039 1908 2094 Venusf)

168 2117 423 2186 quadrata
472 2116 674 2169 fuerint
722 2115 1019 2168 radiatione
1070 2116 1361 2185 coniuncti,
1412 2120 1466 2169 et
1511 2115 1684 2169 dextri
1730 2132 1856 2183 qua-

287 2279 349 2335 (2)
383 2277 423 2322 εἰ
448 2276 499 2321 δὲ
533 2276 556 2321 ὃ
586 2274 746 2327 Ἥλιος
770 2277 1008 2322 δεκατεύει
1031 2277 1113 2322 τὸν
1130 2274 1276 2334 Ἄρεα,
1311 2277 1436 2337 αὐτῷ
1459 2293 1507 2322 τε
1531 2277 1613 2320 καὶ
1635 2279 1696 2335 τῷ
1716 2275 1857 2331 πατρὶ

171 2336 406 2393 ὀλέθριος·
456 2335 719 2393 πταίσματα
758 2335 846 2394 γὰρ
878 2335 1127 2394 παμπολλα
1158 2335 1291 2393 φέρει
1321 2323 1418 2380 καὶ
1431 2336 1516 2393 τὴν
1549 2341 1710 2401 κτῆσιν
1742 2335 1858 2379 ἀπο-

171 2404 319 2452 στερεῖ
438 2397 530 2453 (10)
569 2396 648 2439 καὶ
688 2393 758 2446 οἷς
796 2395 879 2453 μὲν
921 2396 1294 2453 παραφροσύνην
1337 2395 1511 2454 ἐπαγει,
1560 2399 1624 2439 ὡν
1669 2395 1720 2439 δὲ
1751 2411 1860 2444 τους

172 2456 447 2513 ὀφθαλμοὺς
478 2454 731 2512 -ἠμάλδυνε-
779 2456 858 2499 καὶ
891 2462 1048 2512 χεῖρον
1081 2456 1130 2501 ἐν
1161 2456 1353 2514 ἡμερινῇ
1387 2453 1574 2512 γενέσει.

293 2596 315 2634 1
350 2588 622 2646 perficiendi
653 2591 693 2632 Δ
813 2593 838 2631 2
871 2589 1045 2633 decreti
1078 2590 1118 2647 ζ]
1151 2589 1345 2633 deceriti
1376 2593 1414 2631 A
1446 2589 1633 2632 decreta
1662 2592 1738 2632 cet.

174 2653 201 2692 4
231 2649 282 2692 in
313 2663 397 2694 om.
424 2652 462 2692 Δ
571 2653 596 2691 5
628 2647 721 2691 ista
750 2649 798 2706 v]
831 2648 936 2704 ipsa
971 2651 1018 2692 Γ
1042 2648 1198 2705 posita.
1229 2651 1269 2692 Δ
1378 2653 1403 2691 6
1437 2647 1557 2708 (et)
1588 2646 1744 2691 infort.
1779 2650 1803 2698 ζ

177 2714 199 2751 7
233 2708 475 2765 inponitur
497 2720 559 2750 κσ
583 2708 877 2761 confirmante
899 2709 1127 2766 clausula]
1152 2708 1342 2764 ponitur
1418 2713 1470 2751 11
1497 2707 1666 2751 eaecidit
1679 2707 1859 2750 verbum

175 2769 231 2812 ab
264 2781 319 2811 ex
349 2769 570 2813 inchoans
601 2768 721 2811 velat
751 2766 959 2823 exagitat
988 2769 1056 2812 vel
1088 2767 1261 2811 excidit
1293 2781 1346 2811 ac
1375 2767 1567 2820 fortasse
1591 2767 1735 2822 plara
1766 2767 1827 2816 κζ

178 2832 232 2870 14
263 2827 436 2871 minae-i
458 2825 601 2869 fuerit
626 2828 710 2869 AG
745 2828 751 2882 Ι
794 2826 1066 2870 coniunctus
1096 2829 1141 2870 Γ
1229 2831 1282 2870 16
1316 2827 1388 2869 vel
1412 2827 1519 2870 add.
1543 2829 1581 2867 N
1606 2825 1654 2868 in
1679 2824 1785 2868 add.
1811 2826 1835 2875 ζ

179 2891 230 2929 19
265 2887 443 2929 artibus
481 2888 525 2929 Γ
633 2889 687 2927 20
721 2884 892 2928 debitis
924 2888 963 2928 Δ
1080 2891 1132 2929 21
1166 2887 1540 2942 perseverantem
1571 2898 1682 2928 corr.
1708 2882 1813 2925 D²N

178 2951 232 2989 22
267 2948 314 2988 et
344 2959 426 2989 om.
458 2948 503 2988 Γ
