2100 3186
247 137 355 192 206
981 135 1210 181 FIRMICI

246 259 532 329 languores
583 259 786 311 indicit.
866 257 970 310 Sed
1020 257 1154 310 haee
1209 257 1389 310 omnia
1426 256 1570 310 Iovis
1624 271 1941 327 prosperum

249 333 618 386 testimonium
657 332 886 402 mitigat.

197 406 231 460 6
362 406 419 459 Si
457 407 610 460 Luna
655 409 960 475 temporum
1008 405 1224 458 domina
1269 405 1432 458 fuerit
1479 406 1687 474 effecta,
1737 424 1803 458 ex
1857 405 1941 458 de-

250 482 439 534 cennio
481 499 577 533 suo
618 479 815 532 Veneri
853 478 989 532 VIII
1029 479 1251 548 deputat
1289 497 1511 532 menses
1589 478 1723 532 Cum
1759 480 1941 549 itaque

249 553 433 607 Venus
489 554 804 624 deputatum
861 554 964 606 sibi
1018 573 1048 606 a
1089 554 1242 605 Luna
1294 556 1508 623 tempus
1563 554 1841 623 acceperit,
1895 554 1942 606 si
1976 579 2008 612 ι

150 681 158 689 ,
247 629 413 681 fuerit
466 629 656 680 diurna
709 628 971 699 genitura,
1026 649 1052 676 *
1072 648 1098 676 *
1117 649 1143 675 *
1185 627 1412 680 stridore
1467 629 1638 680 sterili
1691 628 1941 680 decernit.

215 765 219 767 ,
251 701 310 756 Si
347 721 474 755 vero
514 702 678 754 fuerit
715 706 991 772 nocturna⁷
1034 702 1266 755 maxima
1303 703 1575 754 lucrorum
1614 701 1942 754 incrementa

248 777 500 847 largitur,
549 777 864 845 praesertim
913 777 958 828 si
996 775 1160 828 fuerit
1197 775 1351 828 Luna
1388 777 1597 828 minuta
1633 776 1942 829 luminibus,

200 851 230 904 7
364 849 422 902 Si
467 850 620 903 Luna
666 853 970 919 temporum
1018 850 1234 902 domina
1280 850 1445 902 fuerit
1490 850 1697 919 effecta,
1746 869 1811 902 ex
1859 851 1942 903 de-

251 926 439 978 cennio
481 943 577 978 suo
610 924 875 978 Mercurio
907 923 1010 976 XX
1050 924 1271 993 deputat
1302 942 1524 976 menses,
1595 922 1728 976 Cum
1760 925 1943 994 itaque
1968 949 2012 982 10

249 998 544 1052 Mercurius
601 999 915 1068 deputatum
968 999 1072 1051 sibi
1126 1017 1156 1050 a
1202 998 1355 1051 Luna
1404 1001 1616 1067 tempus
1663 999 1943 1068 acceperit,

250 1073 473 1144 frigidas
521 1073 883 1144 aegritudines
931 1091 1053 1125 oum
1094 1072 1334 1141 eorporis
1374 1072 1652 1125 debilitate
1690 1073 1940 1126 decernit.

1045 1220 1155 1272 XL.

86 1336 284 1379 formu
362 1324 463 1376 His
502 1324 817 1394 rationibUS‚
855 1324 1090 1377 Mavorti
1130 1324 1288 1377 decus
1328 1327 1589 1394 nostrum,
1637 1327 1943 1393 temporum

203 1399 231 1452 l
254 1417 462 1451 summa
509 1399 779 1451 dividitur.
859 1398 963 1451 Sed
1001 1400 1127 1451 nolo
1167 1402 1230 1450 ut
1268 1399 1325 1450 in
1363 1399 1681 1451 tractatibus
1722 1417 1785 1451 ex
1825 1399 1943 1451 istis
1969 1422 2011 1455 15

253 1473 656 1525 definitionibus
713 1473 972 1542 abruptae
1039 1473 1332 1525 sententiae
1389 1473 1745 1542 proferantur.
1820 1472 1944 1525 Fre-

253 1551 477 1616 quenter
523 1548 664 1599 enim
714 1547 758 1598 si
803 1547 1055 1600 benivola
1104 1550 1260 1600 stella
1306 1546 1622 1615 deputatum
1671 1547 1774 1599 sibi
1814 1551 1944 1600 tem-

251 1639 352 1690 pus
393 1622 669 1690 acceperit,
714 1621 759 1672 si
795 1621 1046 1674 habuerit
1084 1624 1212 1674 tuno
1252 1639 1430 1673 seeum
1470 1621 1777 1674 malivolam
1816 1625 1945 1674 tem-

251 1696 506 1764 poralem,
546 1715 572 1744 *
593 1716 618 1743 *
639 1717 663 1744 *
685 1715 709 1743 *
731 1716 755 1743 »ι
790 1700 919 1748 tuno
951 1695 1210 1764 quadrata
1241 1696 1327 1747 vel
1358 1695 1615 1748 diametra
1647 1695 1944 1748 radiatione

250 1770 518 1838 respiciat,
556 1769 814 1822 bonitatis
856 1787 981 1821 suae
1021 1769 1291 1822 decretum
1333 1788 1398 1821 ex
1436 1769 1718 1822 malivolae
1759 1771 1943 1822 stellae
1968 1792 2012 1824 so

200 1845 234 1896 2
254 1846 519 1912 potestate
561 1844 802 1896 dimittit.
870 1843 991 1897 Hoe
1029 1843 1169 1896 idem
1209 1847 1262 1895 et
1301 1844 1359 1895 in
1397 1844 1649 1896 malivola
1688 1846 1842 1896 stella
1877 1844 1945 1896 si-

251 1918 367 1970 mili
406 1919 614 1970 ratione
653 1918 900 1987 reperies,
983 1917 1125 1970 Nam
1174 1920 1220 1970 si
1268 1918 1583 1987 deputatum
1638 1917 1741 1970 sibi
1794 1917 1944 1970 mali-

251 1991 374 2044 vola
429 1994 582 2045 stella
635 1995 849 2061 tempus
906 1992 1184 2061 acceperit,
1235 1995 1287 2043 et
1342 2010 1458 2044 eam
1513 1994 1642 2044 tuno
1695 1992 1944 2044 benivola

251 2066 562 2134 temporalis
609 2070 702 2118 aut
747 2068 949 2135 pariter
993 2065 1171 2135 posita
1218 2070 1309 2118 aut
1351 2084 1608 2135 prospera
1645 2066 1942 2118 radiatione

252 2141 531 2208 conposita
586 2141 938 2211 mitigaverit,
994 2158 1147 2193 omne
1200 2141 1469 2192 decretum
1524 2140 1942 2192 infortuniorum
1967 2161 2010 2194 25

251 2214 529 2266 benivolae
570 2217 754 2267 stellae
795 2215 1016 2267 salutari
1056 2213 1321 2283 praesidio
1363 2214 1656 2283 mitigatur.

201 2287 235 2340 3
364 2286 621 2340 Intimata
659 2289 760 2341 tibi
799 2289 980 2358 itaque
1020 2292 1100 2341 est
1133 2289 1207 2340 sio
1239 2292 1300 2340 ut
1331 2289 1681 2358 intelligatur,
1719 2287 1942 2356 perfecti

374 2423 395 2460 1
430 2431 703 2474 prosperum
734 2419 854 2463 lovis
885 2422 972 2463 Ae
1109 2424 1133 2462 6
1166 2421 1250 2463 Zac.
1282 2425 1383 2463 stat.
1418 2422 1442 2471 ζ
1489 2421 1494 2475 Ι
1546 2418 1742 2462 stridore
1774 2417 1941 2475 sterili]

251 2490 440 2520 uxorem
474 2478 679 2521 sterilem
712 2483 745 2520 G
801 2478 1064 2522 sterilitatis
1105 2478 1350 2523 stridorem
1383 2494 1410 2520 a.
1444 2480 1566 2534 (post
1597 2477 1794 2521 stridore
1825 2481 1941 2532 spat.

252 2550 345 2580 vae.
371 2540 432 2580 25
457 2538 540 2581 litt.
567 2539 620 2591 D)
656 2540 660 2592 Ι
701 2538 867 2595 sterili]
894 2537 1049 2581 servili
1073 2555 1100 2581 κ
1125 2539 1221 2593 <qui
1245 2538 1406 2581 turbas
1433 2551 1488 2580 ex
1510 2537 1677 2592 suppl.)
1802 2540 1855 2578 15
1889 2548 1943 2579 ex

252 2609 334 2638 om.
365 2598 412 2639 Γ
529 2601 581 2640 16
616 2596 974 2640 diffinitionibus
1007 2597 1067 2654 Δ]
1117 2597 1173 2640 de
1206 2596 1374 2639 finibus
1407 2600 1444 2638 A
1487 2595 1755 2639 definitibus
1788 2598 1820 2637 B
1865 2595 1942 2637 de·

305 2654 342 2697 ti

254 2698 424 2741 finibus
451 2703 485 2740 G
608 2703 660 2741 18
694 2701 805 2743 tune
830 2714 913 2744 om.
939 2702 977 2742 Δ
1007 2699 1013 2752 1
1041 2699 1193 2743 maliv.
1221 2699 1293 2743 vel
1315 2701 1510 2754 tempor.
1537 2701 1622 2742 AG
1745 2702 1798 2741 19
1824 2697 1944 2755 <aut

255 2770 357 2799 eam
389 2757 610 2800 malivola
641 2759 947 2816 temporalis>
979 2759 1128 2814 suppl.
1154 2773 1179 2801 σ
1301 2763 1355 2801 20
1388 2772 1443 2801 ex
1475 2773 1558 2802 om.
1584 2761 1662 2799 AB
1785 2761 1839 2799 22
1872 2769 1941 2799 re-

253 2816 404 2871 peries
432 2817 613 2860 ratione
639 2820 677 2860 Δ
713 2817 963 2873 (repperies
987 2821 1063 2859 Nv
1087 2823 1128 2862 et
1149 2820 1215 2861 sie
1239 2818 1471 2874 leyendum
1496 2831 1583 2861 esse
1606 2816 1814 2861 clausula
1838 2829 1943 2859 con-

252 2876 409 2930 vincit)
468 2880 473 2930 Ι
532 2889 559 2918 a
590 2876 810 2919 malivola
847 2878 893 2919 Γ
1009 2881 1063 2919 24
1095 2876 1364 2931 temporalis
1397 2890 1479 2920 om.
1513 2879 1592 2917 AB
1715 2879 1768 2917 27
1802 2873 1941 2918 intel-

253 2932 430 2988 ligatur
461 2935 557 2992 AB]
592 2935 794 2992 intelligi
829 2936 966 2978 datur
999 2939 1033 2976 Gr
1074 2935 1303 2991 intelligis
1335 2940 1373 2976 N
1415 2933 1698 2990 intelligitur
1728 2938 1801 2975 Dv
