<?xml version="1.0" encoding="UTF-8"?>
<!DOCTYPE html PUBLIC "-//W3C//DTD XHTML 1.0 Transitional//EN"
    "http://www.w3.org/TR/xhtml1/DTD/xhtml1-transitional.dtd">
<html xmlns="http://www.w3.org/1999/xhtml" xml:lang="en" lang="en">
 <head>
  <title>
</title>
<meta http-equiv="Content-Type" content="text/html;charset=utf-8" />
  <meta name='ocr-system' content='tesseract 3.04.00' />
  <meta name='ocr-capabilities' content='ocr_page ocr_carea ocr_par ocr_line ocrx_word'/>
</head>
<body>
  <div class='ocr_page' id='page_1' title='image "./matheseoslibrivi02firmuoft_0018.png"; bbox 0 0 2038 3162; ppageno 0'>
   <div class='ocr_carea' id='block_1_1' title="bbox 229 124 1254 196">
    <p class='ocr_par' dir='ltr' id='par_1_1' title="bbox 229 124 1254 196">
     <span class='ocr_line' id='line_1_1' title="bbox 229 124 1254 196; baseline 0.002 -2"><span class='ocrx_word' id='word_1_1' title='bbox 229 149 335 195; x_wconf 89' lang='lat' dir='ltr'><strong>x1v</strong></span> <span class='ocrx_word' id='word_1_2' title='bbox 399 124 406 132; x_wconf 81' lang='grc'>’</span> <span class='ocrx_word' id='word_1_3' title='bbox 896 147 1254 196; x_wconf 74' lang='lat' dir='ltr'>PRAEFATIO.</span> 
     </span>
    </p>
   </div>
   <div class='ocr_carea' id='block_1_2' title="bbox 173 291 1926 3025">
    <p class='ocr_par' dir='ltr' id='par_1_2' title="bbox 173 291 1925 873">
     <span class='ocr_line' id='line_1_2' title="bbox 229 291 1925 355; baseline 0.001 -16"><span class='ocrx_word' id='word_1_4' title='bbox 229 291 537 354; x_wconf 79' lang='lat' dir='ltr'><strong>complexam</strong></span> <span class='ocrx_word' id='word_1_5' title='bbox 573 306 698 353; x_wconf 87' lang='lat' dir='ltr'><strong>esse;</strong></span> <span class='ocrx_word' id='word_1_6' title='bbox 730 292 820 353; x_wconf 90' lang='lat' dir='ltr'><strong>qui</strong></span> <span class='ocrx_word' id='word_1_7' title='bbox 849 305 1082 340; x_wconf 86' lang='lat' dir='ltr'><strong>numerus</strong></span> <span class='ocrx_word' id='word_1_8' title='bbox 1111 292 1256 340; x_wconf 86' lang='lat' dir='ltr'><strong>tanto</strong></span> <span class='ocrx_word' id='word_1_9' title='bbox 1286 292 1450 339; x_wconf 91' lang='lat' dir='ltr'><strong>minor</strong></span> <span class='ocrx_word' id='word_1_10' title='bbox 1480 293 1555 339; x_wconf 89' lang='lat' dir='ltr'><strong>est</strong></span> <span class='ocrx_word' id='word_1_11' title='bbox 1585 307 1656 354; x_wconf 90' lang='lat' dir='ltr'><strong>eo,</strong></span> <span class='ocrx_word' id='word_1_12' title='bbox 1688 307 1832 355; x_wconf 91' lang='lat' dir='ltr'><strong>quem</strong></span> <span class='ocrx_word' id='word_1_13' title='bbox 1866 308 1925 340; x_wconf 88' lang='lat' dir='ltr'><strong>ex</strong></span> 
     </span>
     <span class='ocr_line' id='line_1_3' title="bbox 229 364 1925 429; baseline 0.001 -16"><span class='ocrx_word' id='word_1_14' title='bbox 229 365 470 415; x_wconf 89' lang='lat' dir='ltr'><strong>librorum</strong></span> <span class='ocrx_word' id='word_1_15' title='bbox 495 365 580 416; x_wconf 92' lang='lat' dir='ltr'><strong>VI.</strong></span> <span class='ocrx_word' id='word_1_16' title='bbox 606 367 655 413; x_wconf 92' lang='lat' dir='ltr'><strong>et</strong></span> <span class='ocrx_word' id='word_1_17' title='bbox 677 364 788 412; x_wconf 90' lang='lat' dir='ltr'><strong>VH.</strong></span> <span class='ocrx_word' id='word_1_18' title='bbox 821 365 1174 428; x_wconf 89' lang='lat' dir='ltr'><strong>conputatione</strong></span> <span class='ocrx_word' id='word_1_19' title='bbox 1205 365 1508 428; x_wconf 81' lang='lat' dir='ltr'>collegimus,</span> <span class='ocrx_word' id='word_1_20' title='bbox 1539 367 1726 429; x_wconf 89' lang='lat' dir='ltr'><strong>quanto</strong></span> <span class='ocrx_word' id='word_1_21' title='bbox 1765 366 1925 414; x_wconf 89' lang='lat' dir='ltr'><strong>maior</strong></span> 
     </span>
     <span class='ocr_line' id='line_1_4' title="bbox 229 438 1923 503; baseline 0.001 -16"><span class='ocrx_word' id='word_1_22' title='bbox 229 440 330 501; x_wconf 92' lang='lat' dir='ltr'><strong>ille,</strong></span> <span class='ocrx_word' id='word_1_23' title='bbox 355 441 445 502; x_wconf 92' lang='lat' dir='ltr'><strong>qui</strong></span> <span class='ocrx_word' id='word_1_24' title='bbox 468 455 579 488; x_wconf 92' lang='lat' dir='ltr'><strong>cum</strong></span> <span class='ocrx_word' id='word_1_25' title='bbox 602 454 774 488; x_wconf 88' lang='lat' dir='ltr'><strong>versus</strong></span> <span class='ocrx_word' id='word_1_26' title='bbox 803 440 867 487; x_wconf 88' lang='lat'><strong>18</strong></span> <span class='ocrx_word' id='word_1_27' title='bbox 889 438 1199 502; x_wconf 80' lang='lat' dir='ltr'>syllabarum</span> <span class='ocrx_word' id='word_1_28' title='bbox 1220 454 1512 502; x_wconf 82' lang='lat' dir='ltr'><strong>poneremus</strong></span> <span class='ocrx_word' id='word_1_29' title='bbox 1535 439 1676 488; x_wconf 92' lang='lat' dir='ltr'><strong>nobis</strong></span> <span class='ocrx_word' id='word_1_30' title='bbox 1700 439 1923 503; x_wconf 81' lang='lat' dir='ltr'><strong>obvenit3</strong></span> 
     </span>
     <span class='ocr_line' id='line_1_5' title="bbox 231 513 1924 577; baseline 0 -15"><span class='ocrx_word' id='word_1_31' title='bbox 231 514 359 562; x_wconf 89' lang='lat' dir='ltr'><strong>unde</strong></span> <span class='ocrx_word' id='word_1_32' title='bbox 398 514 562 561; x_wconf 88' lang='lat' dir='ltr'><strong>media</strong></span> <span class='ocrx_word' id='word_1_33' title='bbox 599 514 685 562; x_wconf 91' lang='lat' dir='ltr'><strong>via</strong></span> <span class='ocrx_word' id='word_1_34' title='bbox 727 515 958 577; x_wconf 81' lang='lat' dir='ltr'><strong>ingressi,</strong></span> <span class='ocrx_word' id='word_1_35' title='bbox 1001 514 1060 562; x_wconf 91' lang='lat' dir='ltr'><strong>ie.</strong></span> <span class='ocrx_word' id='word_1_36' title='bbox 1092 514 1258 575; x_wconf 88' lang='lat' dir='ltr'><strong>posito</strong></span> <span class='ocrx_word' id='word_1_37' title='bbox 1300 513 1458 562; x_wconf 90' lang='lat' dir='ltr'><strong>sticho</strong></span> <span class='ocrx_word' id='word_1_38' title='bbox 1499 516 1564 563; x_wconf 85' lang='lat'><strong>17</strong></span> <span class='ocrx_word' id='word_1_39' title='bbox 1601 513 1924 577; x_wconf 82' lang='lat' dir='ltr'><strong>syHabarum,</strong></span> 
     </span>
     <span class='ocr_line' id='line_1_6' title="bbox 230 587 1922 651; baseline 0.001 -16"><span class='ocrx_word' id='word_1_40' title='bbox 230 604 491 636; x_wconf 89' lang='lat' dir='ltr'><strong>numerum</strong></span> <span class='ocrx_word' id='word_1_41' title='bbox 521 588 802 637; x_wconf 85' lang='lat' dir='ltr'><strong>invenimus</strong></span> <span class='ocrx_word' id='word_1_42' title='bbox 832 587 934 637; x_wconf 89' lang='lat' dir='ltr'><strong>illis</strong></span> <span class='ocrx_word' id='word_1_43' title='bbox 965 589 1260 651; x_wconf 89' lang='lat' dir='ltr'><strong>proximum,</strong></span> <span class='ocrx_word' id='word_1_44' title='bbox 1291 588 1478 637; x_wconf 85' lang='lat' dir='ltr'><strong>scilicet</strong></span> <span class='ocrx_word' id='word_1_45' title='bbox 1510 588 1631 636; x_wconf 85' lang='lat'><strong>455.</strong></span> <span class='ocrx_word' id='word_1_46' title='bbox 1687 587 1922 646; x_wconf 83' lang='lat' dir='ltr'><strong>Quamvis</strong></span> 
     </span>
     <span class='ocr_line' id='line_1_7' title="bbox 173 661 1921 726; baseline 0.002 -19"><span class='ocrx_word' id='word_1_47' title='bbox 173 704 176 707; x_wconf 85' lang='lat'>.</span> <span class='ocrx_word' id='word_1_48' title='bbox 229 662 401 711; x_wconf 92' lang='lat' dir='ltr'><strong>fallaci</strong></span> <span class='ocrx_word' id='word_1_49' title='bbox 429 663 589 726; x_wconf 86' lang='lat' dir='ltr'><strong>igitur</strong></span> <span class='ocrx_word' id='word_1_50' title='bbox 611 663 664 710; x_wconf 91' lang='lat' dir='ltr'><strong>in</strong></span> <span class='ocrx_word' id='word_1_51' title='bbox 687 661 1012 711; x_wconf 84' lang='lat' dir='ltr'><strong>fundamento</strong></span> <span class='ocrx_word' id='word_1_52' title='bbox 1037 661 1499 726; x_wconf 85' lang='lat' dir='ltr'><strong>depugnaverimus,</strong></span> <span class='ocrx_word' id='word_1_53' title='bbox 1528 664 1698 711; x_wconf 87' lang='lat' dir='ltr'><strong>tamen</strong></span> <span class='ocrx_word' id='word_1_54' title='bbox 1728 664 1835 712; x_wconf 86' lang='lat' dir='ltr'><strong>veri</strong></span> <span class='ocrx_word' id='word_1_55' title='bbox 1857 664 1921 712; x_wconf 90' lang='lat' dir='ltr'><strong>si-</strong></span> 
     </span>
     <span class='ocr_line' id='line_1_8' title="bbox 230 736 1920 801; baseline 0 -16"><span class='ocrx_word' id='word_1_56' title='bbox 230 736 361 799; x_wconf 91' lang='lat' dir='ltr'><strong>mile,</strong></span> <span class='ocrx_word' id='word_1_57' title='bbox 393 736 490 784; x_wconf 87' lang='lat' dir='ltr'><strong>nisi</strong></span> <span class='ocrx_word' id='word_1_58' title='bbox 521 737 716 801; x_wconf 86' lang='lat' dir='ltr'><strong>egregie</strong></span> <span class='ocrx_word' id='word_1_59' title='bbox 747 736 984 794; x_wconf 85' lang='lat' dir='ltr'><strong>fallimur,</strong></span> <span class='ocrx_word' id='word_1_60' title='bbox 1014 737 1202 785; x_wconf 86' lang='lat' dir='ltr'><strong>factum</strong></span> <span class='ocrx_word' id='word_1_61' title='bbox 1227 739 1314 799; x_wconf 87' lang='lat' dir='ltr'><strong>est,</strong></span> <span class='ocrx_word' id='word_1_62' title='bbox 1347 738 1684 800; x_wconf 79' lang='lat' dir='ltr'><strong>quaternionis</strong></span> <span class='ocrx_word' id='word_1_63' title='bbox 1714 737 1920 786; x_wconf 90' lang='lat' dir='ltr'><strong>interitu</strong></span> 
     </span>
     <span class='ocr_line' id='line_1_9' title="bbox 228 811 891 873; baseline 0.003 -15"><span class='ocrx_word' id='word_1_64' title='bbox 228 811 459 860; x_wconf 85' lang='lat' dir='ltr'><strong>lacunam</strong></span> <span class='ocrx_word' id='word_1_65' title='bbox 490 811 628 858; x_wconf 86' lang='lat' dir='ltr'><strong>hiare</strong></span> <span class='ocrx_word' id='word_1_66' title='bbox 661 812 891 873; x_wconf 90' lang='lat' dir='ltr'><strong>coepisse.</strong></span> 
     </span>
    </p>

    <p class='ocr_par' dir='ltr' id='par_1_3' title="bbox 228 880 1926 1975">
     <span class='ocr_line' id='line_1_10' title="bbox 302 880 1924 949; baseline 0 -15"><span class='ocrx_word' id='word_1_67' title='bbox 302 885 448 934; x_wconf 85' lang='lat' dir='ltr'><strong>Nunc</strong></span> <span class='ocrx_word' id='word_1_68' title='bbox 479 887 805 948; x_wconf 88' lang='lat' dir='ltr'><strong>conputemus</strong></span> <span class='ocrx_word' id='word_1_69' title='bbox 836 880 1187 946; x_wconf 71' lang='lat' dir='ltr'><strong>additamenti,</strong></span> <span class='ocrx_word' id='word_1_70' title='bbox 1222 885 1356 948; x_wconf 90' lang='lat' dir='ltr'><strong>quod</strong></span> <span class='ocrx_word' id='word_1_71' title='bbox 1385 887 1605 935; x_wconf 80' lang='lat' dir='ltr'><strong>recentes</strong></span> <span class='ocrx_word' id='word_1_72' title='bbox 1635 885 1751 934; x_wconf 88' lang='lat' dir='ltr'><strong>libri</strong></span> <span class='ocrx_word' id='word_1_73' title='bbox 1783 901 1924 949; x_wconf 89' lang='lat' dir='ltr'><strong>prae-</strong></span> 
     </span>
     <span class='ocr_line' id='line_1_11' title="bbox 228 952 1925 1026; baseline 0 -18"><span class='ocrx_word' id='word_1_74' title='bbox 228 960 455 1022; x_wconf 90' lang='lat' dir='ltr'><strong>buerunt,</strong></span> <span class='ocrx_word' id='word_1_75' title='bbox 480 960 722 1008; x_wconf 88' lang='lat' dir='ltr'><strong>ambitum</strong></span> <span class='ocrx_word' id='word_1_76' title='bbox 745 953 838 1026; x_wconf 86' lang='lat'><strong>(49</strong></span> <span class='ocrx_word' id='word_1_77' title='bbox 859 960 1047 1010; x_wconf 78' lang='lat'>15—53</span> <span class='ocrx_word' id='word_1_78' title='bbox 1068 952 1133 1026; x_wconf 80' lang='lat'><strong>14)</strong></span> <span class='ocrx_word' id='word_1_79' title='bbox 1151 977 1164 1007; x_wconf 75' lang='lat' dir='ltr'><em>z</em></span> <span class='ocrx_word' id='word_1_80' title='bbox 1183 960 1250 1008; x_wconf 85' lang='lat'><strong>82</strong></span> <span class='ocrx_word' id='word_1_81' title='bbox 1277 962 1392 1008; x_wconf 91' lang='lat' dir='ltr'><strong>sunt</strong></span> <span class='ocrx_word' id='word_1_82' title='bbox 1407 976 1576 1010; x_wconf 90' lang='lat' dir='ltr'><strong>versus</strong></span> <span class='ocrx_word' id='word_1_83' title='bbox 1595 959 1925 1008; x_wconf 88' lang='lat' dir='ltr'><strong>Teubneriani</strong></span> 
     </span>
     <span class='ocr_line' id='line_1_12' title="bbox 228 1027 1924 1101; baseline -0.001 -18"><span class='ocrx_word' id='word_1_84' title='bbox 228 1028 309 1101; x_wconf 85' lang='lat'><strong>(=</strong></span> <span class='ocrx_word' id='word_1_85' title='bbox 337 1036 403 1083; x_wconf 82' lang='lat'><strong>92</strong></span> <span class='ocrx_word' id='word_1_86' title='bbox 430 1050 602 1083; x_wconf 90' lang='lat' dir='ltr'><strong>versus</strong></span> <span class='ocrx_word' id='word_1_87' title='bbox 632 1035 938 1097; x_wconf 83' lang='lat' dir='ltr'><strong>syllabarum</strong></span> <span class='ocrx_word' id='word_1_88' title='bbox 965 1027 1071 1100; x_wconf 88' lang='grc'>16).</span> <span class='ocrx_word' id='word_1_89' title='bbox 1130 1032 1475 1082; x_wconf 86' lang='lat' dir='ltr'><strong>Confitendum</strong></span> <span class='ocrx_word' id='word_1_90' title='bbox 1499 1036 1574 1083; x_wconf 91' lang='lat' dir='ltr'><strong>est</strong></span> <span class='ocrx_word' id='word_1_91' title='bbox 1595 1034 1726 1084; x_wconf 90' lang='lat' dir='ltr'><strong>hunc</strong></span> <span class='ocrx_word' id='word_1_92' title='bbox 1756 1043 1924 1082; x_wconf 86' lang='lat' dir='ltr'><strong>nume-</strong></span> 
     </span>
     <span class='ocr_line' id='line_1_13' title="bbox 228 1109 1925 1171; baseline -0.001 -14"><span class='ocrx_word' id='word_1_93' title='bbox 228 1125 338 1157; x_wconf 91' lang='lat' dir='ltr'><strong>rum</strong></span> <span class='ocrx_word' id='word_1_94' title='bbox 377 1125 534 1171; x_wconf 91' lang='lat' dir='ltr'><strong>neque</strong></span> <span class='ocrx_word' id='word_1_95' title='bbox 574 1124 686 1157; x_wconf 91' lang='lat' dir='ltr'><strong>cum</strong></span> <span class='ocrx_word' id='word_1_96' title='bbox 719 1110 825 1157; x_wconf 86' lang='lat'><strong>560</strong></span> <span class='ocrx_word' id='word_1_97' title='bbox 857 1123 1014 1171; x_wconf 91' lang='lat' dir='ltr'><strong>neque</strong></span> <span class='ocrx_word' id='word_1_98' title='bbox 1054 1123 1167 1156; x_wconf 92' lang='lat' dir='ltr'><strong>cum</strong></span> <span class='ocrx_word' id='word_1_99' title='bbox 1205 1110 1310 1157; x_wconf 88' lang='grc'><strong>403</strong></span> <span class='ocrx_word' id='word_1_100' title='bbox 1353 1124 1512 1171; x_wconf 88' lang='lat' dir='ltr'><strong>neque</strong></span> <span class='ocrx_word' id='word_1_101' title='bbox 1552 1125 1664 1157; x_wconf 92' lang='lat' dir='ltr'><strong>cum</strong></span> <span class='ocrx_word' id='word_1_102' title='bbox 1705 1110 1810 1158; x_wconf 90' lang='grc'><strong>459</strong></span> <span class='ocrx_word' id='word_1_103' title='bbox 1845 1109 1925 1157; x_wconf 86' lang='lat' dir='ltr'><strong>vel</strong></span> 
     </span>
     <span class='ocr_line' id='line_1_14' title="bbox 230 1182 1923 1245; baseline 0 -15"><span class='ocrx_word' id='word_1_104' title='bbox 230 1183 336 1231; x_wconf 82' lang='lat'><strong>482</strong></span> <span class='ocrx_word' id='word_1_105' title='bbox 369 1184 464 1232; x_wconf 89' lang='lat' dir='ltr'><strong>tali</strong></span> <span class='ocrx_word' id='word_1_106' title='bbox 494 1183 862 1245; x_wconf 87' lang='lat' dir='ltr'><strong>conputationis</strong></span> <span class='ocrx_word' id='word_1_107' title='bbox 886 1183 1080 1231; x_wconf 89' lang='lat' dir='ltr'><strong>ratione</strong></span> <span class='ocrx_word' id='word_1_108' title='bbox 1104 1182 1422 1231; x_wconf 88' lang='lat' dir='ltr'><strong>coniunctum</strong></span> <span class='ocrx_word' id='word_1_109' title='bbox 1446 1199 1563 1245; x_wconf 88' lang='lat' dir='ltr'><strong>esse,</strong></span> <span class='ocrx_word' id='word_1_110' title='bbox 1595 1185 1654 1231; x_wconf 91' lang='lat' dir='ltr'><strong>ut</strong></span> <span class='ocrx_word' id='word_1_111' title='bbox 1675 1198 1753 1232; x_wconf 91' lang='lat' dir='ltr'><strong>res</strong></span> <span class='ocrx_word' id='word_1_112' title='bbox 1777 1183 1923 1244; x_wconf 89' lang='lat' dir='ltr'><strong>plane</strong></span> 
     </span>
     <span class='ocr_line' id='line_1_15' title="bbox 230 1257 1925 1320; baseline 0.001 -15"><span class='ocrx_word' id='word_1_113' title='bbox 230 1257 496 1306; x_wconf 91' lang='lat' dir='ltr'><strong>manifesta</strong></span> <span class='ocrx_word' id='word_1_114' title='bbox 525 1257 626 1307; x_wconf 90' lang='lat' dir='ltr'><strong>fiat.</strong></span> <span class='ocrx_word' id='word_1_115' title='bbox 681 1257 847 1305; x_wconf 87' lang='lat' dir='ltr'><strong>Unum</strong></span> <span class='ocrx_word' id='word_1_116' title='bbox 882 1257 1014 1306; x_wconf 89' lang='lat' dir='ltr'><strong>enim</strong></span> <span class='ocrx_word' id='word_1_117' title='bbox 1046 1257 1226 1306; x_wconf 87' lang='lat' dir='ltr'><strong>folium</strong></span> <span class='ocrx_word' id='word_1_118' title='bbox 1258 1258 1516 1320; x_wconf 74' lang='lat' dir='ltr'><strong>archetypi</strong></span> <span class='ocrx_word' id='word_1_119' title='bbox 1546 1273 1636 1306; x_wconf 90' lang='lat' dir='ltr'><strong>nec</strong></span> <span class='ocrx_word' id='word_1_120' title='bbox 1666 1258 1829 1305; x_wconf 92' lang='lat' dir='ltr'><strong>minus</strong></span> <span class='ocrx_word' id='word_1_121' title='bbox 1855 1258 1925 1306; x_wconf 88' lang='lat'><strong>50</strong></span> 
     </span>
     <span class='ocr_line' id='line_1_16' title="bbox 231 1331 1926 1395; baseline 0 -16"><span class='ocrx_word' id='word_1_122' title='bbox 231 1348 322 1381; x_wconf 92' lang='lat' dir='ltr'><strong>nec</strong></span> <span class='ocrx_word' id='word_1_123' title='bbox 352 1332 465 1395; x_wconf 91' lang='lat' dir='ltr'><strong>plus</strong></span> <span class='ocrx_word' id='word_1_124' title='bbox 493 1334 561 1381; x_wconf 86' lang='lat'><strong>70</strong></span> <span class='ocrx_word' id='word_1_125' title='bbox 586 1347 756 1380; x_wconf 91' lang='lat' dir='ltr'><strong>versus</strong></span> <span class='ocrx_word' id='word_1_126' title='bbox 786 1332 1005 1380; x_wconf 89' lang='lat' dir='ltr'><strong>tenuisse</strong></span> <span class='ocrx_word' id='word_1_127' title='bbox 1037 1331 1157 1380; x_wconf 89' lang='lat' dir='ltr'><strong>satis</strong></span> <span class='ocrx_word' id='word_1_128' title='bbox 1183 1334 1407 1381; x_wconf 84' lang='lat' dir='ltr'><strong>constare</strong></span> <span class='ocrx_word' id='word_1_129' title='bbox 1431 1331 1648 1394; x_wconf 84' lang='lat' dir='ltr'><strong>videtur3</strong></span> <span class='ocrx_word' id='word_1_130' title='bbox 1679 1331 1775 1380; x_wconf 91' lang='lat' dir='ltr'><strong>nisi</strong></span> <span class='ocrx_word' id='word_1_131' title='bbox 1798 1332 1926 1380; x_wconf 88' lang='lat' dir='ltr'><strong>forte</strong></span> 
     </span>
     <span class='ocr_line' id='line_1_17' title="bbox 232 1399 1924 1472; baseline 0.001 -19"><span class='ocrx_word' id='word_1_132' title='bbox 232 1406 529 1469; x_wconf 84' lang='lat' dir='ltr'><strong>archetypus</strong></span> <span class='ocrx_word' id='word_1_133' title='bbox 563 1422 620 1454; x_wconf 87' lang='lat' dir='ltr'><strong>ex</strong></span> <span class='ocrx_word' id='word_1_134' title='bbox 649 1406 961 1455; x_wconf 87' lang='lat' dir='ltr'><strong>ternionibus</strong></span> <span class='ocrx_word' id='word_1_135' title='bbox 995 1399 1159 1472; x_wconf 89' lang='lat' dir='ltr'><strong>(cuius</strong></span> <span class='ocrx_word' id='word_1_136' title='bbox 1190 1407 1244 1454; x_wconf 91' lang='lat' dir='ltr'><strong>in</strong></span> <span class='ocrx_word' id='word_1_137' title='bbox 1267 1406 1402 1454; x_wconf 86' lang='lat' dir='ltr'><strong>foliis</strong></span> <span class='ocrx_word' id='word_1_138' title='bbox 1426 1406 1636 1471; x_wconf 89' lang='lat' dir='ltr'><strong>singulis</strong></span> <span class='ocrx_word' id='word_1_139' title='bbox 1662 1408 1731 1455; x_wconf 89' lang='grc'><strong>80</strong></span> <span class='ocrx_word' id='word_1_140' title='bbox 1757 1420 1924 1454; x_wconf 87' lang='lat' dir='ltr'><strong>versus</strong></span> 
     </span>
     <span class='ocr_line' id='line_1_18' title="bbox 232 1474 1926 1547; baseline 0 -19"><span class='ocrx_word' id='word_1_141' title='bbox 232 1474 419 1547; x_wconf 87' lang='lat' dir='ltr'><strong>essent)</strong></span> <span class='ocrx_word' id='word_1_142' title='bbox 452 1481 751 1543; x_wconf 89' lang='lat' dir='ltr'><strong>compositus</strong></span> <span class='ocrx_word' id='word_1_143' title='bbox 785 1480 898 1542; x_wconf 87' lang='lat' dir='ltr'><strong>fuit,</strong></span> <span class='ocrx_word' id='word_1_144' title='bbox 929 1480 1063 1542; x_wconf 90' lang='lat' dir='ltr'><strong>quod</strong></span> <span class='ocrx_word' id='word_1_145' title='bbox 1093 1481 1177 1528; x_wconf 89' lang='lat' dir='ltr'><strong>vix</strong></span> <span class='ocrx_word' id='word_1_146' title='bbox 1206 1481 1474 1530; x_wconf 76' lang='lat' dir='ltr'><strong>credemus</strong></span> <span class='ocrx_word' id='word_1_147' title='bbox 1522 1481 1700 1543; x_wconf 89' lang='lat' dir='ltr'><strong>Itaque</strong></span> <span class='ocrx_word' id='word_1_148' title='bbox 1731 1495 1926 1528; x_wconf 89' lang='lat' dir='ltr'><strong>necesse</strong></span> 
     </span>
     <span class='ocr_line' id='line_1_19' title="bbox 231 1554 1925 1618; baseline 0 -15"><span class='ocrx_word' id='word_1_149' title='bbox 231 1558 306 1603; x_wconf 92' lang='lat' dir='ltr'><strong>est</strong></span> <span class='ocrx_word' id='word_1_150' title='bbox 331 1554 382 1602; x_wconf 91' lang='lat' dir='ltr'><strong>in</strong></span> <span class='ocrx_word' id='word_1_151' title='bbox 406 1554 567 1603; x_wconf 89' lang='lat' dir='ltr'><strong>medio</strong></span> <span class='ocrx_word' id='word_1_152' title='bbox 590 1555 945 1616; x_wconf 86' lang='lat' dir='ltr'><strong>relinquamus,</strong></span> <span class='ocrx_word' id='word_1_153' title='bbox 975 1556 1144 1602; x_wconf 90' lang='lat' dir='ltr'><strong>utrum</strong></span> <span class='ocrx_word' id='word_1_154' title='bbox 1170 1555 1468 1618; x_wconf 89' lang='lat' dir='ltr'><strong>archetypus</strong></span> <span class='ocrx_word' id='word_1_155' title='bbox 1492 1555 1546 1603; x_wconf 90' lang='lat' dir='ltr'><strong>in</strong></span> <span class='ocrx_word' id='word_1_156' title='bbox 1567 1554 1925 1618; x_wconf 85' lang='lat' dir='ltr'><strong>posterioribus</strong></span> 
     </span>
     <span class='ocr_line' id='line_1_20' title="bbox 229 1628 1924 1692; baseline 0.001 -17"><span class='ocrx_word' id='word_1_157' title='bbox 229 1629 370 1677; x_wconf 87' lang='lat' dir='ltr'><strong>libris</strong></span> <span class='ocrx_word' id='word_1_158' title='bbox 402 1630 610 1691; x_wconf 88' lang='lat' dir='ltr'><strong>spissius</strong></span> <span class='ocrx_word' id='word_1_159' title='bbox 643 1629 972 1691; x_wconf 87' lang='lat' dir='ltr'><strong>spatiosiusve</strong></span> <span class='ocrx_word' id='word_1_160' title='bbox 1007 1629 1314 1691; x_wconf 89' lang='lat' dir='ltr'><strong>conscriptus</strong></span> <span class='ocrx_word' id='word_1_161' title='bbox 1346 1629 1501 1677; x_wconf 87' lang='lat' dir='ltr'><strong>fuerit</strong></span> <span class='ocrx_word' id='word_1_162' title='bbox 1532 1645 1681 1692; x_wconf 90' lang='lat' dir='ltr'><strong>quam</strong></span> <span class='ocrx_word' id='word_1_163' title='bbox 1711 1629 1764 1676; x_wconf 90' lang='lat' dir='ltr'><strong>in</strong></span> <span class='ocrx_word' id='word_1_164' title='bbox 1794 1628 1924 1691; x_wconf 91' lang='lat' dir='ltr'><strong>prio-</strong></span> 
     </span>
     <span class='ocr_line' id='line_1_21' title="bbox 229 1703 1926 1764; baseline -0.001 -13"><span class='ocrx_word' id='word_1_165' title='bbox 229 1703 383 1764; x_wconf 88' lang='lat' dir='ltr'><strong>ribus,</strong></span> <span class='ocrx_word' id='word_1_166' title='bbox 423 1719 486 1751; x_wconf 85' lang='lat' dir='ltr'><strong>an</strong></span> <span class='ocrx_word' id='word_1_167' title='bbox 519 1703 915 1751; x_wconf 89' lang='lat' dir='ltr'><strong>additamentum</strong></span> <span class='ocrx_word' id='word_1_168' title='bbox 945 1705 1275 1751; x_wconf 88' lang='lat' dir='ltr'><strong>recentiorum</strong></span> <span class='ocrx_word' id='word_1_169' title='bbox 1307 1703 1531 1752; x_wconf 89' lang='lat' dir='ltr'><strong>codicum</strong></span> <span class='ocrx_word' id='word_1_170' title='bbox 1566 1720 1718 1751; x_wconf 90' lang='lat' dir='ltr'><strong>unum</strong></span> <span class='ocrx_word' id='word_1_171' title='bbox 1749 1703 1926 1751; x_wconf 86' lang='lat' dir='ltr'><strong>folium</strong></span> 
     </span>
     <span class='ocr_line' id='line_1_22' title="bbox 231 1777 1925 1840; baseline -0.001 -15"><span class='ocrx_word' id='word_1_172' title='bbox 231 1779 281 1825; x_wconf 91' lang='lat' dir='ltr'><strong>et</strong></span> <span class='ocrx_word' id='word_1_173' title='bbox 312 1777 570 1824; x_wconf 90' lang='lat' dir='ltr'><strong>dimidium</strong></span> <span class='ocrx_word' id='word_1_174' title='bbox 603 1777 938 1839; x_wconf 83' lang='lat' dir='ltr'><strong>compleverit,</strong></span> <span class='ocrx_word' id='word_1_175' title='bbox 970 1778 1106 1826; x_wconf 87' lang='lat' dir='ltr'><strong>cuius</strong></span> <span class='ocrx_word' id='word_1_176' title='bbox 1138 1778 1266 1825; x_wconf 89' lang='lat' dir='ltr'><strong>forte</strong></span> <span class='ocrx_word' id='word_1_177' title='bbox 1294 1793 1410 1840; x_wconf 84' lang='lat' dir='ltr'><strong>pars</strong></span> <span class='ocrx_word' id='word_1_178' title='bbox 1436 1778 1595 1825; x_wconf 87' lang='lat' dir='ltr'><strong>altera</strong></span> <span class='ocrx_word' id='word_1_179' title='bbox 1619 1777 1925 1839; x_wconf 86' lang='lat' dir='ltr'><strong>expalluerat</strong></span> 
     </span>
     <span class='ocr_line' id='line_1_23' title="bbox 230 1851 1926 1916; baseline -0.001 -17"><span class='ocrx_word' id='word_1_180' title='bbox 230 1867 320 1900; x_wconf 91' lang='lat' dir='ltr'><strong>nec</strong></span> <span class='ocrx_word' id='word_1_181' title='bbox 349 1851 451 1900; x_wconf 89' lang='lat' dir='ltr'><strong>iam</strong></span> <span class='ocrx_word' id='word_1_182' title='bbox 482 1851 581 1916; x_wconf 87' lang='lat' dir='ltr'><strong>legi</strong></span> <span class='ocrx_word' id='word_1_183' title='bbox 612 1854 829 1915; x_wconf 84' lang='lat' dir='ltr'><strong>poterat:</strong></span> <span class='ocrx_word' id='word_1_184' title='bbox 873 1851 925 1900; x_wconf 89' lang='lat' dir='ltr'><strong>id</strong></span> <span class='ocrx_word' id='word_1_185' title='bbox 965 1854 1154 1899; x_wconf 89' lang='lat' dir='ltr'><strong>certum</strong></span> <span class='ocrx_word' id='word_1_186' title='bbox 1194 1853 1269 1899; x_wconf 88' lang='lat' dir='ltr'><strong>est</strong></span> <span class='ocrx_word' id='word_1_187' title='bbox 1309 1851 1648 1913; x_wconf 88' lang='lat' dir='ltr'><strong>quaternionis</strong></span> <span class='ocrx_word' id='word_1_188' title='bbox 1681 1851 1926 1913; x_wconf 86' lang='lat' dir='ltr'><strong>deperditi</strong></span> 
     </span>
     <span class='ocr_line' id='line_1_24' title="bbox 230 1925 1922 1975; baseline -0.001 -1"><span class='ocrx_word' id='word_1_189' title='bbox 230 1926 494 1975; x_wconf 89' lang='lat' dir='ltr'><strong>nonnullas</strong></span> <span class='ocrx_word' id='word_1_190' title='bbox 518 1927 706 1974; x_wconf 86' lang='lat' dir='ltr'><strong>laceras</strong></span> <span class='ocrx_word' id='word_1_191' title='bbox 732 1926 1042 1974; x_wconf 87' lang='lat' dir='ltr'><strong>membranas</strong></span> <span class='ocrx_word' id='word_1_192' title='bbox 1067 1927 1255 1974; x_wconf 86' lang='lat' dir='ltr'><strong>fontem</strong></span> <span class='ocrx_word' id='word_1_193' title='bbox 1281 1927 1384 1974; x_wconf 90' lang='lat' dir='ltr'><strong>eius</strong></span> <span class='ocrx_word' id='word_1_194' title='bbox 1407 1925 1735 1974; x_wconf 87' lang='lat' dir='ltr'><strong>additamenti</strong></span> <span class='ocrx_word' id='word_1_195' title='bbox 1758 1926 1922 1973; x_wconf 86' lang='lat' dir='ltr'><strong>fuisse.</strong></span> 
     </span>
    </p>

    <p class='ocr_par' dir='ltr' id='par_1_4' title="bbox 229 1999 1925 3025">
     <span class='ocr_line' id='line_1_25' title="bbox 305 1999 1923 2062; baseline -0.002 -14"><span class='ocrx_word' id='word_1_196' title='bbox 305 2000 402 2048; x_wconf 84' lang='lat' dir='ltr'><strong>Sed</strong></span> <span class='ocrx_word' id='word_1_197' title='bbox 419 2016 544 2062; x_wconf 88' lang='lat' dir='ltr'><strong>quae</strong></span> <span class='ocrx_word' id='word_1_198' title='bbox 562 2000 782 2062; x_wconf 88' lang='lat' dir='ltr'><strong>capitula</strong></span> <span class='ocrx_word' id='word_1_199' title='bbox 798 2000 974 2048; x_wconf 86' lang='lat' dir='ltr'><strong>indicis</strong></span> <span class='ocrx_word' id='word_1_200' title='bbox 992 1999 1043 2047; x_wconf 91' lang='lat' dir='ltr'><strong>in</strong></span> <span class='ocrx_word' id='word_1_201' title='bbox 1067 1999 1410 2049; x_wconf 86' lang='lat' dir='ltr'><strong>additamento</strong></span> <span class='ocrx_word' id='word_1_202' title='bbox 1428 2002 1624 2049; x_wconf 89' lang='lat' dir='ltr'><strong>servata</strong></span> <span class='ocrx_word' id='word_1_203' title='bbox 1641 2002 1770 2060; x_wconf 89' lang='lat' dir='ltr'><strong>sunt,</strong></span> <span class='ocrx_word' id='word_1_204' title='bbox 1796 2014 1923 2060; x_wconf 89' lang='lat' dir='ltr'><strong>quae</strong></span> 
     </span>
     <span class='ocr_line' id='line_1_26' title="bbox 229 2073 1924 2137; baseline -0.001 -15"><span class='ocrx_word' id='word_1_205' title='bbox 229 2073 515 2137; x_wconf 76' lang='lat' dir='ltr'><strong>perierunt?</strong></span> <span class='ocrx_word' id='word_1_206' title='bbox 571 2074 705 2123; x_wconf 92' lang='lat' dir='ltr'><strong>Haec</strong></span> <span class='ocrx_word' id='word_1_207' title='bbox 731 2090 926 2136; x_wconf 90' lang='lat' dir='ltr'><strong>quoque</strong></span> <span class='ocrx_word' id='word_1_208' title='bbox 951 2074 1176 2136; x_wconf 88' lang='lat' dir='ltr'><strong>quaestio</strong></span> <span class='ocrx_word' id='word_1_209' title='bbox 1204 2090 1302 2122; x_wconf 92' lang='lat' dir='ltr'><strong>non</strong></span> <span class='ocrx_word' id='word_1_210' title='bbox 1333 2075 1406 2122; x_wconf 88' lang='lat' dir='ltr'><strong>ita</strong></span> <span class='ocrx_word' id='word_1_211' title='bbox 1430 2074 1622 2123; x_wconf 91' lang='lat' dir='ltr'><strong>absolvi</strong></span> <span class='ocrx_word' id='word_1_212' title='bbox 1652 2075 1831 2136; x_wconf 89' lang='lat' dir='ltr'><strong>potest,</strong></span> <span class='ocrx_word' id='word_1_213' title='bbox 1867 2074 1924 2121; x_wconf 90' lang='lat' dir='ltr'><strong>ut</strong></span> 
     </span>
     <span class='ocr_line' id='line_1_27' title="bbox 231 2147 1923 2210; baseline -0.001 -15"><span class='ocrx_word' id='word_1_214' title='bbox 231 2149 389 2196; x_wconf 91' lang='lat' dir='ltr'><strong>omnis</strong></span> <span class='ocrx_word' id='word_1_215' title='bbox 428 2148 676 2196; x_wconf 86' lang='lat' dir='ltr'><strong>dubitatio</strong></span> <span class='ocrx_word' id='word_1_216' title='bbox 718 2149 937 2196; x_wconf 89' lang='lat' dir='ltr'><strong>tollatur.</strong></span> <span class='ocrx_word' id='word_1_217' title='bbox 1007 2148 1294 2196; x_wconf 81' lang='lat' dir='ltr'><strong>Extremam</strong></span> <span class='ocrx_word' id='word_1_218' title='bbox 1333 2164 1450 2197; x_wconf 90' lang='lat' dir='ltr'><strong>sane</strong></span> <span class='ocrx_word' id='word_1_219' title='bbox 1489 2150 1682 2210; x_wconf 86' lang='lat' dir='ltr'><strong>partem</strong></span> <span class='ocrx_word' id='word_1_220' title='bbox 1728 2147 1923 2195; x_wconf 86' lang='lat' dir='ltr'><strong>addita-</strong></span> 
     </span>
     <span class='ocr_line' id='line_1_28' title="bbox 231 2217 1925 2289; baseline -0.001 -19"><span class='ocrx_word' id='word_1_221' title='bbox 231 2223 385 2271; x_wconf 88' lang='lat' dir='ltr'><strong>menti</strong></span> <span class='ocrx_word' id='word_1_222' title='bbox 418 2217 510 2289; x_wconf 84' lang='lat'><strong>(52</strong></span> <span class='ocrx_word' id='word_1_223' title='bbox 531 2224 681 2272; x_wconf 75' lang='lat'>9—53</span> <span class='ocrx_word' id='word_1_224' title='bbox 702 2217 768 2289; x_wconf 83' lang='lat'><strong>14)</strong></span> <span class='ocrx_word' id='word_1_225' title='bbox 800 2223 1002 2271; x_wconf 89' lang='lat' dir='ltr'><strong>initium</strong></span> <span class='ocrx_word' id='word_1_226' title='bbox 1042 2238 1146 2271; x_wconf 91' lang='lat' dir='ltr'><strong>esse</strong></span> <span class='ocrx_word' id='word_1_227' title='bbox 1185 2223 1395 2285; x_wconf 89' lang='lat' dir='ltr'><strong>capituli</strong></span> <span class='ocrx_word' id='word_1_228' title='bbox 1425 2222 1555 2270; x_wconf 90' lang='lat' dir='ltr'><strong>XVI.</strong></span> <span class='ocrx_word' id='word_1_229' title='bbox 1589 2221 1764 2270; x_wconf 86' lang='lat' dir='ltr'><strong>indicis</strong></span> <span class='ocrx_word' id='word_1_230' title='bbox 1795 2221 1925 2268; x_wconf 89' lang='lat' dir='ltr'><strong>idest</strong></span> 
     </span>
     <span class='ocr_line' id='line_1_29' title="bbox 230 2295 1923 2358; baseline -0.001 -14"><span class='ocrx_word' id='word_1_231' title='bbox 230 2297 289 2345; x_wconf 88' lang='lat' dir='ltr'><strong>X.</strong></span> <span class='ocrx_word' id='word_1_232' title='bbox 321 2299 518 2345; x_wconf 90' lang='lat' dir='ltr'><strong>nostrae</strong></span> <span class='ocrx_word' id='word_1_233' title='bbox 550 2297 797 2358; x_wconf 88' lang='lat' dir='ltr'><strong>editionis,</strong></span> <span class='ocrx_word' id='word_1_234' title='bbox 829 2298 967 2346; x_wconf 89' lang='lat' dir='ltr'><strong>cuius</strong></span> <span class='ocrx_word' id='word_1_235' title='bbox 998 2296 1109 2344; x_wconf 87' lang='lat' dir='ltr'><strong>finis</strong></span> <span class='ocrx_word' id='word_1_236' title='bbox 1139 2298 1192 2344; x_wconf 92' lang='lat' dir='ltr'><strong>in</strong></span> <span class='ocrx_word' id='word_1_237' title='bbox 1217 2297 1446 2345; x_wconf 91' lang='lat' dir='ltr'><strong>omnibus</strong></span> <span class='ocrx_word' id='word_1_238' title='bbox 1471 2295 1720 2345; x_wconf 89' lang='lat' dir='ltr'><strong>codicibus</strong></span> <span class='ocrx_word' id='word_1_239' title='bbox 1747 2296 1923 2358; x_wconf 87' lang='lat' dir='ltr'><strong>exstat,</strong></span> 
     </span>
     <span class='ocr_line' id='line_1_30' title="bbox 232 2364 1924 2435; baseline -0.002 -17"><span class='ocrx_word' id='word_1_240' title='bbox 232 2372 600 2434; x_wconf 88' lang='lat' dir='ltr'><strong>apertissimum</strong></span> <span class='ocrx_word' id='word_1_241' title='bbox 632 2373 718 2420; x_wconf 90' lang='lat' dir='ltr'><strong>est.</strong></span> <span class='ocrx_word' id='word_1_242' title='bbox 782 2371 878 2419; x_wconf 85' lang='lat' dir='ltr'><strong>Sed</strong></span> <span class='ocrx_word' id='word_1_243' title='bbox 908 2372 962 2418; x_wconf 92' lang='lat' dir='ltr'><strong>in</strong></span> <span class='ocrx_word' id='word_1_244' title='bbox 994 2371 1316 2435; x_wconf 87' lang='lat' dir='ltr'><strong>agnoscendis</strong></span> <span class='ocrx_word' id='word_1_245' title='bbox 1347 2371 1431 2432; x_wconf 89' lang='lat' dir='ltr'><strong>iis,</strong></span> <span class='ocrx_word' id='word_1_246' title='bbox 1465 2386 1589 2432; x_wconf 90' lang='lat' dir='ltr'><strong>quae</strong></span> <span class='ocrx_word' id='word_1_247' title='bbox 1625 2364 1924 2417; x_wconf 88' lang='lat' dir='ltr'><strong>antecedunt</strong></span> 
     </span>
     <span class='ocr_line' id='line_1_31' title="bbox 230 2442 1924 2495; baseline -0.002 -3"><span class='ocrx_word' id='word_1_248' title='bbox 230 2444 332 2492; x_wconf 85' lang='lat' dir='ltr'><strong>iam</strong></span> <span class='ocrx_word' id='word_1_249' title='bbox 362 2445 632 2495; x_wconf 88' lang='lat' dir='ltr'><strong>haeremus.</strong></span> <span class='ocrx_word' id='word_1_250' title='bbox 697 2445 976 2493; x_wconf 87' lang='lat' dir='ltr'><strong>Secundum</strong></span> <span class='ocrx_word' id='word_1_251' title='bbox 1013 2444 1226 2492; x_wconf 89' lang='lat' dir='ltr'><strong>indicem</strong></span> <span class='ocrx_word' id='word_1_252' title='bbox 1267 2447 1382 2493; x_wconf 89' lang='lat' dir='ltr'><strong>ante</strong></span> <span class='ocrx_word' id='word_1_253' title='bbox 1413 2444 1543 2491; x_wconf 91' lang='lat' dir='ltr'>XVI.</span> <span class='ocrx_word' id='word_1_254' title='bbox 1576 2442 1924 2491; x_wconf 86' lang='lat' dir='ltr'><strong>inveniebatur</strong></span> 
     </span>
     <span class='ocr_line' id='line_1_32' title="bbox 232 2517 1922 2581; baseline -0.002 -15"><span class='ocrx_word' id='word_1_255' title='bbox 232 2519 506 2581; x_wconf 86' lang='lat' dir='ltr'><strong>capitulum</strong></span> <span class='ocrx_word' id='word_1_256' title='bbox 537 2519 665 2568; x_wconf 84' lang='lat' dir='ltr'>XV.:</span> <span class='ocrx_word' id='word_1_257' title='bbox 720 2520 797 2568; x_wconf 90' lang='lat' dir='ltr'><strong>De</strong></span> <span class='ocrx_word' id='word_1_258' title='bbox 840 2519 990 2567; x_wconf 80' lang='lat' dir='ltr'><strong>stellis</strong></span> <span class='ocrx_word' id='word_1_259' title='bbox 1037 2518 1231 2579; x_wconf 76' lang='lat' dir='ltr'><strong>quando</strong></span> <span class='ocrx_word' id='word_1_260' title='bbox 1276 2520 1374 2566; x_wconf 75' lang='lat' dir='ltr'><strong>sint</strong></span> <span class='ocrx_word' id='word_1_261' title='bbox 1416 2519 1683 2566; x_wconf 78' lang='lat' dir='ltr'><strong>matutinae</strong></span> <span class='ocrx_word' id='word_1_262' title='bbox 1729 2517 1922 2577; x_wconf 79' lang='lat' dir='ltr'><strong>quando</strong></span> 
     </span>
     <span class='ocr_line' id='line_1_33' title="bbox 230 2590 1921 2654; baseline -0.002 -14"><span class='ocrx_word' id='word_1_263' title='bbox 230 2596 538 2652; x_wconf 76' lang='lat' dir='ltr'><strong>vespertinae.</strong></span> <span class='ocrx_word' id='word_1_264' title='bbox 603 2593 823 2651; x_wconf 85' lang='lat' dir='ltr'><strong>Quocum</strong></span> <span class='ocrx_word' id='word_1_265' title='bbox 872 2592 1068 2641; x_wconf 88' lang='lat' dir='ltr'><strong>videtur</strong></span> <span class='ocrx_word' id='word_1_266' title='bbox 1108 2592 1403 2654; x_wconf 89' lang='lat' dir='ltr'><strong>consentire,</strong></span> <span class='ocrx_word' id='word_1_267' title='bbox 1453 2591 1584 2653; x_wconf 87' lang='lat' dir='ltr'><strong>quod</strong></span> <span class='ocrx_word' id='word_1_268' title='bbox 1628 2593 1681 2638; x_wconf 89' lang='lat' dir='ltr'><strong>in</strong></span> <span class='ocrx_word' id='word_1_269' title='bbox 1729 2590 1921 2638; x_wconf 87' lang='lat' dir='ltr'><strong>addita-</strong></span> 
     </span>
     <span class='ocr_line' id='line_1_34' title="bbox 230 2659 1923 2731; baseline -0.002 -17"><span class='ocrx_word' id='word_1_270' title='bbox 230 2670 397 2715; x_wconf 92' lang='lat' dir='ltr'><strong>mento</strong></span> <span class='ocrx_word' id='word_1_271' title='bbox 438 2683 494 2715; x_wconf 93' lang='lat' dir='ltr'><strong>eo</strong></span> <span class='ocrx_word' id='word_1_272' title='bbox 533 2667 641 2715; x_wconf 91' lang='lat' dir='ltr'><strong>loco</strong></span> <span class='ocrx_word' id='word_1_273' title='bbox 681 2667 777 2715; x_wconf 92' lang='lat' dir='ltr'><strong>duo</strong></span> <span class='ocrx_word' id='word_1_274' title='bbox 810 2667 1032 2729; x_wconf 90' lang='lat' dir='ltr'><strong>capitula</strong></span> <span class='ocrx_word' id='word_1_275' title='bbox 1064 2661 1229 2731; x_wconf 91' lang='lat' dir='ltr'><strong>(nobis</strong></span> <span class='ocrx_word' id='word_1_276' title='bbox 1261 2666 1396 2715; x_wconf 82' lang='lat' dir='ltr'><strong>Vm.</strong></span> <span class='ocrx_word' id='word_1_277' title='bbox 1430 2669 1480 2713; x_wconf 91' lang='lat' dir='ltr'><strong>et</strong></span> <span class='ocrx_word' id='word_1_278' title='bbox 1511 2659 1619 2730; x_wconf 90' lang='lat' dir='ltr'>IX.)</span> <span class='ocrx_word' id='word_1_279' title='bbox 1659 2665 1737 2712; x_wconf 88' lang='lat' dir='ltr'><strong>De</strong></span> <span class='ocrx_word' id='word_1_280' title='bbox 1774 2664 1923 2712; x_wconf 73' lang='lat' dir='ltr'><strong>stellis</strong></span> 
     </span>
     <span class='ocr_line' id='line_1_35' title="bbox 232 2731 1920 2805; baseline -0.001 -18"><span class='ocrx_word' id='word_1_281' title='bbox 232 2741 424 2800; x_wconf 76' lang='lat' dir='ltr'><strong>quando</strong></span> <span class='ocrx_word' id='word_1_282' title='bbox 463 2743 561 2789; x_wconf 81' lang='lat' dir='ltr'><strong>sint</strong></span> <span class='ocrx_word' id='word_1_283' title='bbox 597 2743 863 2789; x_wconf 78' lang='lat' dir='ltr'><strong>matutinae</strong></span> <span class='ocrx_word' id='word_1_284' title='bbox 895 2741 969 2788; x_wconf 82' lang='lat' dir='ltr'><strong>vel</strong></span> <span class='ocrx_word' id='word_1_285' title='bbox 1007 2741 1201 2800; x_wconf 78' lang='lat' dir='ltr'><strong>quando</strong></span> <span class='ocrx_word' id='word_1_286' title='bbox 1240 2741 1537 2801; x_wconf 75' lang='lat' dir='ltr'><strong>vespertinae</strong></span> <span class='ocrx_word' id='word_1_287' title='bbox 1568 2733 1664 2805; x_wconf 89' lang='lat'><strong>(50</strong></span> <span class='ocrx_word' id='word_1_288' title='bbox 1682 2739 1829 2787; x_wconf 74' lang='lat'>8—51</span> <span class='ocrx_word' id='word_1_289' title='bbox 1854 2731 1920 2799; x_wconf 79' lang='grc' dir='ltr'><strong>ιε)</strong></span> 
     </span>
     <span class='ocr_line' id='line_1_36' title="bbox 233 2813 1924 2875; baseline -0.002 -13"><span class='ocrx_word' id='word_1_290' title='bbox 233 2817 282 2862; x_wconf 91' lang='lat' dir='ltr'><strong>et</strong></span> <span class='ocrx_word' id='word_1_291' title='bbox 323 2814 507 2874; x_wconf 77' lang='lat' dir='ltr'><strong>Quibus</strong></span> <span class='ocrx_word' id='word_1_292' title='bbox 543 2816 772 2875; x_wconf 73' lang='lat' dir='ltr'><strong>partibas</strong></span> <span class='ocrx_word' id='word_1_293' title='bbox 817 2816 1084 2862; x_wconf 70' lang='lat' dir='ltr'><strong>matutinae</strong></span> <span class='ocrx_word' id='word_1_294' title='bbox 1128 2814 1291 2862; x_wconf 82' lang='lat' dir='ltr'><strong>stellae</strong></span> <span class='ocrx_word' id='word_1_295' title='bbox 1335 2814 1409 2862; x_wconf 77' lang='lat' dir='ltr'><strong>vel</strong></span> <span class='ocrx_word' id='word_1_296' title='bbox 1455 2814 1751 2873; x_wconf 72' lang='lat' dir='ltr'><strong>vespertinae</strong></span> <span class='ocrx_word' id='word_1_297' title='bbox 1797 2813 1924 2871; x_wconf 74' lang='lat' dir='ltr'><strong>fiant</strong></span> 
     </span>
     <span class='ocr_line' id='line_1_37' title="bbox 233 2882 1920 2954; baseline -0.002 -18"><span class='ocrx_word' id='word_1_298' title='bbox 233 2882 322 2953; x_wconf 88' lang='lat'><strong>(51</strong></span> <span class='ocrx_word' id='word_1_299' title='bbox 348 2891 518 2937; x_wconf 80' lang='lat'>19—52</span> <span class='ocrx_word' id='word_1_300' title='bbox 538 2884 582 2954; x_wconf 90' lang='lat'><strong>8)</strong></span> <span class='ocrx_word' id='word_1_301' title='bbox 621 2890 869 2951; x_wconf 87' lang='lat' dir='ltr'><strong>leguntur.</strong></span> <span class='ocrx_word' id='word_1_302' title='bbox 931 2886 1070 2944; x_wconf 84' lang='lat' dir='ltr'><strong>Quod</strong></span> <span class='ocrx_word' id='word_1_303' title='bbox 1111 2887 1239 2935; x_wconf 90' lang='lat' dir='ltr'><strong>enim</strong></span> <span class='ocrx_word' id='word_1_304' title='bbox 1272 2887 1368 2936; x_wconf 88' lang='lat' dir='ltr'><strong>duo</strong></span> <span class='ocrx_word' id='word_1_305' title='bbox 1408 2887 1574 2949; x_wconf 87' lang='lat' dir='ltr'><strong>capita</strong></span> <span class='ocrx_word' id='word_1_306' title='bbox 1612 2888 1758 2933; x_wconf 90' lang='lat' dir='ltr'><strong>unius</strong></span> <span class='ocrx_word' id='word_1_307' title='bbox 1797 2885 1920 2946; x_wconf 91' lang='lat' dir='ltr'><strong>loco,</strong></span> 
     </span>
     <span class='ocr_line' id='line_1_38' title="bbox 233 2959 1922 3025; baseline -0.001 -17"><span class='ocrx_word' id='word_1_308' title='bbox 233 2961 363 3023; x_wconf 91' lang='lat' dir='ltr'><strong>quod</strong></span> <span class='ocrx_word' id='word_1_309' title='bbox 396 2962 540 3009; x_wconf 86' lang='lat' dir='ltr'><strong>index</strong></span> <span class='ocrx_word' id='word_1_310' title='bbox 579 2962 803 3024; x_wconf 88' lang='lat' dir='ltr'><strong>praebet,</strong></span> <span class='ocrx_word' id='word_1_311' title='bbox 842 2962 894 3009; x_wconf 92' lang='lat' dir='ltr'><strong>in</strong></span> <span class='ocrx_word' id='word_1_312' title='bbox 925 2961 1066 3009; x_wconf 88' lang='lat' dir='ltr'><strong>libris</strong></span> <span class='ocrx_word' id='word_1_313' title='bbox 1100 2963 1314 3025; x_wconf 85' lang='lat' dir='ltr'><strong>exstant,</strong></span> <span class='ocrx_word' id='word_1_314' title='bbox 1357 2962 1495 3009; x_wconf 91' lang='lat' dir='ltr'><strong>nullo</strong></span> <span class='ocrx_word' id='word_1_315' title='bbox 1525 2959 1670 3008; x_wconf 88' lang='lat' dir='ltr'><strong>modo</strong></span> <span class='ocrx_word' id='word_1_316' title='bbox 1703 2959 1922 3020; x_wconf 86' lang='lat' dir='ltr'><strong>offendit,</strong></span> 
     </span>
    </p>
   </div>
  </div>
 </body>
</html>
