2078 3174
825 121 889 164 VI
920 125 989 174 31,
1016 133 1176 166 ’ze—83.
1739 121 1841 172 171

153 244 308 296 testis
361 243 598 312 accedat,
657 243 959 296 meretrices
1013 242 1267 308 efficient,
1332 258 1470 310 quae
1524 240 1843 293 detrimento

154 317 433 370 nundinati
471 315 691 386 pudoris
723 320 776 369 et
805 317 1085 386 prostituti
1115 315 1352 385 corporis
1383 315 1560 384 gratia
1589 315 1844 367 miserum

155 394 435 459 quaestum
473 408 568 458 per
607 389 718 441 dies
759 391 1000 462 singulos
1032 392 1302 459 quaerant.
1373 388 1432 442 Si
1464 405 1589 442 vero
1621 388 1845 441 masculi

154 465 316 518 fuerit
362 466 467 517 ista
510 463 778 534 genitura,
833 464 1125 518 effeminati
1178 463 1377 516 furoris
1425 462 1613 515 ardore
1658 462 1844 515 mulie-

108 559 131 591 5
154 538 340 592 bribus
379 537 724 607 inplicabitur
761 538 1046 592 libidinum
1084 538 1245 591 vitiis.

267 611 324 665 Si
360 613 419 665 in
455 611 756 681 horoscopo
790 611 885 666 Sol
923 615 976 665 et
1006 612 1151 664 Mars
1191 611 1351 664 simul
1387 611 1590 663 fuerint
1624 611 1843 676 inventi,
1862 609 1933 663 80

154 691 207 739 et
252 688 308 739 in
346 684 488 738 ΙΜΟ.
530 685 791 740 Saturnus
836 687 1046 756 positus
1090 686 1348 754 quadrata
1386 703 1477 737 eos
1516 685 1811 738 radiatione
1829 695 1970 739 sol-82'
1982 698 2007 730 t

154 760 424 829 respiciat,
470 759 624 812 Luna
670 779 795 814 vero
842 761 900 813 in
945 759 1059 813 ΜΟ.
1108 762 1369 814 collocata
1413 758 1704 812 Saturnum
1732 777 1846 828 ¹per

154 834 492 902 diametrum,
544 833 724 887 Solem
770 853 895 888 vero
936 838 989 887 et
1027 834 1255 887 Martem
1294 833 1547 902 respiciat
1586 852 1681 902 per
1721 852 1844 902 qua-

87 929 130 961 10
155 908 387 975 dratum,
434 908 744 976 paricidalia
791 912 1073 978 parentum
1120 909 1258 961 circa
1294 908 1436 960 filios
1477 909 1599 960 odia
1638 926 1846 976 semper

155 1001 251 1035 exa
290 982 400 1035 itat.

252 999 323 1108 gSi
361 1055 506 1108 Mars
546 1056 600 1108 in
638 1057 938 1126 horoscopo
978 1057 1141 1110 fuerit
1179 1056 1522 1126 constitutus,
1565 1060 1618 1109 et
1658 1057 1714 1108 in
1752 1055 1928 1109 V1.81

153 1131 219 1182 ab
273 1130 572 1199 horoscopo
626 1131 747 1183 loco
800 1129 1043 1201 Iuppiter
1096 1132 1167 1183 sit
1221 1133 1536 1194 collocatuS,
1591 1134 1644 1182 et
1692 1130 1845 1182 Luna

154 1223 275 1258 cum
329 1203 595 1258 Mercurio
652 1208 705 1257 et
759 1205 965 1258 Venere
1011 1204 1126 1258 ΜΟ.
1181 1208 1388 1274 partem
1443 1207 1668 1274 aequata
1722 1222 1844 1258 con-

86 1299 129 1331 15
152 1278 442 1331 iunctionis
505 1280 758 1332 societate
818 1279 1109 1348 possideat,
1179 1297 1244 1332 ex
1306 1280 1409 1331 ista
1469 1279 1844 1331 coniunctione

151 1354 454 1421 praeclarae
492 1353 792 1406 nobilitatis
832 1354 1189 1406 decernuntur
1226 1354 1474 1424 insignia.

265 1426 322 1479 Si
360 1426 494 1479 hora
531 1429 589 1480 in
626 1426 810 1480 Ariete
848 1428 1012 1480 fuerit
1050 1428 1282 1496 inventa,
1325 1430 1379 1480 et
1418 1427 1530 1480 illic
1568 1427 1711 1479 Mais
1753 1425 1844 1478 Sa-
1862 1426 1932 1478 82

151 1503 341 1553 turnus
381 1502 582 1570 pariter
620 1505 673 1554 et
703 1502 886 1554 Venus
928 1523 953 1551 ιε
973 1522 999 1551 *
1019 1522 1071 1571 ³02,
1111 1500 1204 1554 Sol
1237 1501 1399 1554 etiam
1431 1502 1539 1554 illis
1572 1501 1626 1553 in
1660 1500 1845 1554 eodem

153 1575 307 1645 signo
350 1596 374 1621 »ι
394 1596 420 1622 *
439 1595 490 1642 *,
536 1577 783 1628 ancillam
830 1579 923 1629 aut
970 1595 1129 1628 anum
1179 1575 1415 1630 decernit
1460 1593 1705 1644 uxorem,
1754 1577 1846 1627 aut

85 1670 129 1702 ιο
154 1652 294 1702 certe
333 1649 591 1702 humilem
631 1653 684 1702 et
723 1651 869 1703 omni
910 1650 1190 1721 dignitatis
1220 1649 1486 1719 praesidio
1521 1650 1843 1702 destitutam.

153 1721 355 1784 Quodsi
411 1723 487 1776 sic
539 1725 731 1792 positis
785 1724 1084 1778 Mercurius
1138 1725 1374 1792 accedat,
1437 1727 1490 1776 et
1542 1724 1844 1776 meretrices

152 1797 394 1865 publicas
420 1798 486 1850 ad
510 1799 914 1851 matrimonium
939 1799 1045 1851 tori
1069 1798 1294 1869 genialis
1319 1798 1603 1851 adducunt.
1645 1797 1846 1860 Quodsi

152 1871 237 1923 his
279 1871 527 1924 omnibus
569 1874 645 1925 sic
684 1873 821 1925 sicut
857 1873 1087 1926 diximus
1122 1871 1428 1926 constitutis
1461 1873 1517 1924 in
1547 1871 1663 1924 ΜΟ.
1695 1871 1846 1924 Luna

153 1944 315 1997 fuerit
354 1947 585 2014 inventa,
623 1947 826 1999 incesto
865 1948 1063 1999 furoris
1103 1947 1291 2000 ardore
1330 1950 1384 2000 et
1418 1948 1620 2000 nefaria
1651 1947 1845 1998 mentis

87 2039 129 2071 25
154 2019 444 2086 cupiditate
483 2037 756 2088 possessos
798 2021 864 2072 ad
902 2022 1135 2073 filiarum
1168 2021 1480 2074 concubitus
1512 2021 1693 2074 venire
1726 2038 1846 2074 con-

153 2095 374 2162 pellunt.

266 2166 322 2219 Si
362 2167 508 2219 Mars
554 2172 607 2220 et
647 2167 741 2221 Sol
790 2169 845 2220 in
892 2169 1098 2236 tropico
1146 2168 1300 2239 signo
1349 2169 1628 2221 constituti
1668 2169 1722 2220 in
1763 2186 1843 2221 oc·
1864 2167 1934 2219 83

155 2258 278 2292 casu
318 2241 519 2294 fuerint
559 2243 776 2310 inventi,
815 2245 874 2294 et
905 2242 989 2295 his
1029 2243 1219 2296 tertius
1256 2243 1312 2294 in
1343 2243 1528 2296 eodem
1559 2243 1678 2295 loco
1711 2242 1846 2294 Mer-

154 2315 334 2367 curius
366 2315 596 2384 accedat,
627 2317 867 2369 efficiunt
896 2316 1174 2385 latronem,
1213 2317 1304 2369 sed
1337 2316 1430 2386 qui
1461 2316 1516 2368 in
1549 2317 1844 2386 peregrinis

87 2408 131 2441 so
153 2389 284 2440 locis
330 2407 576 2442 exercens
623 2389 905 2443 latrocinia
951 2392 1185 2443 humano
1227 2391 1485 2462 sanguine
1525 2394 1843 2443 cruentetur.

275 2569 299 2608 3
332 2564 578 2608 masculini
604 2570 637 2607 G
669 2565 878 2609 mascula.
901 2583 928 2609 κ
1050 2572 1076 2610 4
1107 2566 1381 2610 mulieribus
1412 2571 1538 2609 ΒΘΗ
1662 2570 1715 2609 10
1739 2579 1844 2622 par-

155 2622 369 2667 ricidalia
393 2628 521 2666 AGN
643 2630 696 2668 12
728 2625 805 2668 VI.
837 2626 936 2683 AB]
970 2625 1022 2670 V
1049 2629 1136 2670 AG
1259 2631 1312 2669 13
1344 2626 1446 2670 loco
1479 2640 1562 2670 om.
1589 2628 1629 2668 Δ
1670 2627 1675 2681 Ι
1715 2625 1846 2668 Luna

155 2681 410 2726 Mercurius
444 2682 598 2726 Venus
630 2685 669 2726 Δ
703 2684 975 2739 (Mercurius
1007 2691 1048 2730 et
1080 2688 1129 2742 G)
1269 2690 1321 2729 16
1355 2686 1611 2728 decernunt
1641 2689 1757 2726 BGv

159 2746 212 2783 17
247 2741 471 2786 Saturnus
500 2742 565 2800 Γ]
591 2742 770 2787 scilicet
794 2746 834 2786 Δ
959 2749 1012 2788 18
1041 2746 1209 2788 excidit
1230 2745 1323 2798 fere
1347 2744 1522 2788 fuerint
1546 2743 1762 2787 collocati
1787 2745 1810 2795 ζ
1835 2742 1842 2797 Ι

156 2799 255 2843 11110
279 2804 350 2842 Bv
386 2801 447 2844 sit
478 2817 506 2844 a
628 2806 681 2844 19
714 2803 883 2846 excidit
910 2804 1005 2856 fere
1034 2804 1214 2859 positus
1249 2802 1590 2847 coniunctionis
1623 2802 1843 2846 societate

157 2858 380 2915 iungatur
411 2864 435 2912 ζ
552 2865 604 2903 21
641 2860 772 2919 <iis>
797 2861 863 2905 sic
888 2878 915 2904 a
947 2864 1098 2918 (immo
1122 2863 1213 2918 his)
1270 2867 1275 2919 Ι
1334 2865 1380 2905 ct
1411 2863 1491 2906 dez.
1519 2861 1611 2904 B²a
1644 2864 1725 2904 aut
1749 2865 1785 2902 A

160 2922 214 2960 22
248 2918 307 2961 ad
339 2919 387 2977 a]
419 2922 500 2962 aut
622 2924 676 2962 23
710 2921 775 2963 sic
807 2934 891 2965 om.
918 2924 957 2964 Δ
1016 2925 1022 2978 1
1079 2921 1209 2965 Luna
1239 2936 1322 2967 om.
1350 2925 1389 2965 A
