2038 3162
801 121 1155 168 PRAEFATIO.
1786 121 1830 166 V

136 262 391 325 exscriptis
422 279 580 326 paene
610 265 666 312 in
696 262 909 313 secundo
941 279 1136 325 quoque
1169 276 1315 311 versu
1345 263 1622 325 exemplum
1653 261 1830 311 Firmi-

136 339 335 386 cianum
359 331 599 402 addere.¹)
638 337 851 386 Videtur
872 338 1044 402 igitur,
1068 339 1126 386 ut
1147 336 1320 386 scribit
1342 337 1687 399 Liebermann,
1718 353 1831 385 cum

136 411 373 461 Girardus
413 412 611 461 scholae
651 413 699 460 N
701 413 1017 461 ormannicae
1056 411 1228 473 fuerit,
1274 411 1516 461 Firmicus
1556 427 1666 460 cum
1703 412 1831 460 Nor-

132 487 328 535 mannis
359 487 558 535 saeculo
590 486 675 535 XI.
708 503 766 535 ex
797 485 963 536 Gallia
993 488 1047 534 in
1078 485 1393 534 Britanniam
1431 486 1671 549 migrasse
1706 486 1830 534 mul·

132 563 340 622 tumque
364 561 647 609 lectitatum
672 577 789 611 esse.
843 560 1016 624 Neque
1040 560 1197 624 igitur
1219 559 1416 620 mirum,
1449 560 1582 623 quod
1612 560 1834 608 Daniel

135 635 201 683 de
247 635 476 698 Morley
514 637 568 683 in
606 635 758 696 libro,
804 636 892 698 qui
929 635 1218 683 inscribitur
1254 635 1566 696 Philosophia
1610 635 1835 696 maqistwd

134 710 342 758 danielis
373 710 431 758 de
461 711 635 759 merlai
659 711 725 758 ad
747 711 1006 759 iohannem
1029 709 1386 758 Norwicensem
1417 710 1692 770 episcopum
1722 702 1836 775 (qui

133 783 364 848 regnavit
398 777 790 851 1175—1200)
822 783 1027 832 Firmici
1064 784 1342 833 matheseos
1378 785 1680 832 mentionem
1712 783 1835 831 facit

136 873 342 921 eamque
373 858 495 906 bene
527 859 684 920 novit,
716 859 776 907 cf.
802 859 912 906 Val.
938 859 1081 920 Rose,
1113 858 1280 906 Herm.
1301 858 1426 906 VIII
1453 859 1760 906 347—349.

210 1005 290 1053 Ad
315 1006 570 1054 saeculum
593 1007 678 1054 XI.
704 1009 756 1055 et
786 1007 975 1056 codices
1000 1007 1325 1056 vetustissimi
1350 1007 1572 1055 redeunt.
1613 1007 1837 1064 Quorum

136 1081 232 1129 duo
272 1096 453 1145 genera
500 1097 602 1129 esse
648 1081 875 1130 Sittelius
918 1081 968 1129 in
1013 1081 1323 1144 praefatione
1370 1081 1604 1130 editionis
1649 1083 1837 1143 primus

136 1155 318 1204 docuit.
358 1155 433 1202 Ex
458 1156 787 1219 archetypo
814 1155 1050 1204 Gallico
1071 1184 1137 1188 ——
1159 1172 1305 1218 quem
1328 1155 1439 1204 ideo
1460 1156 1674 1219 vocavit,
1701 1155 1837 1218 quod

137 1229 328 1292 optima
352 1230 456 1277 eius
482 1231 770 1294 apographa
793 1232 846 1278 in
872 1229 1038 1278 Gallia
1062 1230 1295 1279 videntur
1319 1232 1430 1278 orta
1455 1245 1558 1280 esse
1583 1257 1672 1291 —,
1699 1231 1837 1278 cuius

137 1304 298 1352 altera
328 1319 442 1366 pars
474 1303 683 1353 dimidia
713 1305 921 1367 interiit,
952 1307 1009 1353 ut
1040 1304 1136 1354 nisi
1168 1305 1286 1353 libri
1308 1299 1481 1353 I——IV
1508 1305 1644 1367 iique
1669 1304 1838 1352 mutili

137 1378 263 1426 nihil
280 1380 453 1440 exstet,
476 1379 724 1428 fluxerunt
740 1379 930 1428 codices
946 1381 1134 1428 vetusti
1154 1395 1266 1427 cum
1288 1380 1378 1427 alii
1392 1382 1500 1427 tum
1524 1372 1815 1434 MPRVQ,
1827 1416 1839 1439 ,

139 1452 321 1515 quibus
358 1454 410 1500 in
451 1453 758 1502 recensendis
798 1453 940 1502 libris
972 1454 1176 1502 I.—IV.
1207 1455 1285 1502 usi
1325 1469 1509 1502 sumus.
1565 1454 1641 1501 Ex
1681 1454 1838 1501 altero

139 1527 467 1590 archetypo
501 1521 789 1594 (‘Italico'
826 1521 1038 1594 Sittelii)
1070 1528 1109 1576 ii
1140 1529 1355 1589 codices,
1396 1529 1483 1590 qui
1514 1543 1682 1576 omnes
1713 1527 1839 1575 VIII

137 1601 291 1650 libros
323 1604 659 1663 servaverunt,
691 1603 799 1651 nati
831 1604 958 1650 sunt.
1012 1603 1158 1651 Nunc
1181 1604 1351 1666 igitur,
1383 1619 1444 1650 ne
1470 1602 1596 1665 quis,
1629 1618 1756 1665 quae
1781 1602 1841 1650 de

139 1675 324 1738 scripta
351 1675 553 1725 Firmici
582 1677 823 1725 memoria
850 1677 1051 1739 prolata
1073 1679 1205 1738 sunt,
1239 1694 1296 1724 ex
1321 1678 1474 1725 variis
1498 1678 1722 1726 fontibus
1747 1676 1842 1725 sibi

141 1750 428 1813 conquirere
473 1754 702 1816 cogatur,
749 1754 1068 1814 conspectum
1108 1753 1329 1800 omnium
1367 1751 1608 1800 librorum
1648 1751 1839 1812 damus,

140 1841 353 1887 quorum
386 1825 450 1873 ad
481 1841 571 1874 nos
603 1826 787 1875 notitia
819 1826 1060 1888 pervenit.

214 1973 470 2036 Integram
502 1974 924 2037 incorrectamque
949 1975 1211 2037 archetypi
1233 1975 1462 2038 speciem,
1493 1973 1591 2023 nisi
1615 1974 1746 2036 quod
1769 1975 1843 2022 ni-

141 2049 324 2095 mirum
356 2047 456 2096 suis
483 2049 692 2111 quisque
717 2048 855 2098 vitiis
886 2048 1099 2109 laborat,
1131 2049 1370 2111 praebent
1393 2050 1493 2097 tres
1519 2049 1709 2097 codices
1738 2065 1841 2098 sae-

143 2121 242 2170 culi
273 2122 357 2170 XI.
388 2122 519 2171 hice:

214 2215 256 2259 1.
290 2214 825 2272 montepessulanus
857 2212 1053 2260 scholae
1084 2211 1388 2260 medicorum
1421 2208 1460 2261 Η
1502 2212 1631 2273 1803
1679 2213 1739 2262 cf.
1773 2212 1840 2259 M.
1873 2221 1917 2259 Μ

143 2283 353 2347 Bounet,
377 2302 475 2334 rev.
500 2286 560 2334 de
584 2286 705 2348 phil.
722 2286 848 2334 VIII
877 2287 1184 2336 187—190.
1226 2285 1402 2348 Codex,
1429 2303 1575 2349 quem
1603 2286 1699 2334 duo
1723 2285 1846 2335 folia

146 2374 203 2405 ex
235 2358 480 2408 breviario
514 2362 714 2422 sumpta
740 2362 1153 2423 complectuntur,
1186 2362 1489 2423 compositus
1525 2362 1600 2408 est
1632 2376 1689 2408 ex
1721 2377 1840 2422 qua-

144 2434 451 2482 ternionibus
485 2434 700 2495 duobus,
741 2434 951 2498 signatis
986 2435 1077 2496 QI.
1111 2435 1184 2482 II
1208 2429 1288 2498 (=
1314 2435 1346 2482 f.
1378 2428 1589 2500 1—16),
1632 2434 1846 2494 binione,

146 2506 222 2555 cui
249 2507 424 2555 folium
449 2508 702 2572 singulare
720 2508 959 2557 insertum
976 2511 1065 2570 est,
1091 2508 1287 2572 signato
1305 2509 1411 2556 III
1427 2502 1508 2574 (=
1527 2510 1560 2557 f.
1584 2504 1845 2573 17—21);

146 2581 406 2643 quaternio
438 2582 540 2630 IIII
571 2583 754 2631 excidit
786 2576 943 2649 (quod
982 2585 1030 2631 et
1070 2599 1246 2631 manus
1292 2583 1537 2631 recentior
1566 2583 1600 2630 f.
1637 2584 1730 2630 21v
1762 2582 1845 2630 ad—

150 2694 275 2701 ——-—..-—

226 2768 268 2823 1)
300 2766 548 2823 Perperam
583 2767 912 2822 Liebermann‚
953 2767 1006 2810 D.
1033 2767 1136 2812 Ges.
1163 2768 1208 2812 d.
1233 2768 1350 2825 Ang.
1378 2767 1398 2809 I
1431 2771 1549 2810 534W
1581 2767 1640 2810 ad
1674 2766 1844 2819 Quadr.

149 2825 256 2882 Arg.
283 2830 337 2868 22
370 2828 557 2881 tercias,
590 2827 716 2882 quod
746 2827 795 2870 in
827 2827 1046 2872 tore-iones
1077 2827 1305 2883 corrigere
1338 2825 1457 2879 vult,
1499 2826 1637 2870 Firm.
1657 2826 1764 2870 VIII
1791 2831 1845 2870 15

49 2925 51 2928 Α
150 2883 306 2939 affert3
344 2884 412 2928 ibi
443 2886 565 2928 enim
597 2889 779 2942 (31012)
811 2900 894 2941 pro
935 2888 1126 2930 tortione
1164 2885 1356 2929 Aldinae
1397 2885 1578 2929 codices
1620 2886 1846 2941 praebent

153 2945 260 2988 torti
291 2946 570 3002 quaestione,
602 2958 753 3001 neque
785 2944 971 2989 omnino
1004 2947 1138 2991 tortio
1171 2947 1243 2989 est
1274 2944 1401 3003 apud
1431 2944 1693 2990 Firmicum.
