2090 3198
771 155 876 199 vm
909 160 980 212 1⁷,
1004 168 1117 199 1—7.
1690 153 1800 207 313

110 279 431 347 quicumque
470 276 582 330 nati
620 277 835 346 fuerint,
875 279 1031 329 erunt
1063 293 1279 346 sagaces
1312 275 1491 328 callidi
1522 275 1684 327 variis
1723 275 1801 327 in-

111 353 301 405 structi
340 352 493 420 dolie,
531 350 812 404 mendaces
852 352 946 419 qui
982 349 1229 403 homines
1267 349 1429 401 variis
1468 348 1677 402 insidiis
1710 367 1798 418 ap-

109 429 310 496 petant,
349 430 402 478 et
442 425 534 495 qui
573 425 827 478 effrenata
867 441 1075 492 semper
1106 424 1445 476 animositate
1476 426 1802 493 grassentur.

111 499 246 552 Cum
294 499 602 553 testimonio
651 517 775 551 vero
822 498 1011 551 Martis
1059 501 1112 550 et
1156 497 1340 550 Lunae
1387 501 1543 550 erunt
1595 497 1804 550 funam-

66 595 86 630 5
109 574 226 627 buli
271 574 551 642 †olibatae
596 573 933 626 neurobatae.
1011 569 1300 626 Occidente
1345 571 1448 624 hoc
1495 571 1666 624 sidere
1711 572 1803 640 qui

109 648 222 700 nati
260 649 476 715 fuerint,
522 666 587 701 ex
631 647 794 700 variis
834 646 1044 698 insidiis
1082 645 1544 715 periclitabuntur.
1620 644 1788 706 Quem

109 724 286 775 locum
327 722 373 774 si
411 722 556 774 Mars
593 721 894 787 radiaverit,
925 720 1033 772 vivi
1066 722 1368 773 exurentur.
1436 718 1501 771 In
1539 719 1789 772 extremis
1813 719 1848 773 ἵ)

110 796 354 865 partibus
385 795 621 848 Piscium
654 796 711 848 in
741 796 891 847 laeva
928 797 1081 863 parte
1120 795 1399 864 consurgit
1428 793 1628 846 Belua
1669 812 1805 862 quae

111 889 142 922 a
167 869 382 923 Graecis
407 869 601 922 Cetus
626 872 857 922 vocatur.
922 868 1254 937 Quicumque
1278 868 1383 922 hoc
1407 868 1575 920 sidere
1601 868 1804 920 oriente

46 967 90 1000 10
112 945 226 997 nati
272 944 488 1009 fuerint,
535 947 690 996 erunt
737 944 1032 1012 piscatores
1072 943 1164 995 sed
1202 960 1521 1013 magnorum
1559 942 1804 1010 piscium.

112 1018 185 1070 Hi
234 1019 374 1071 enim
427 1018 573 1071 focas
629 1036 784 1070 canes
837 1018 1072 1070 marinos
1128 1017 1283 1069 xifias
1337 1016 1573 1085 thynnos
1628 1033 1803 1068 corco-

113 1093 272 1146 dillos
312 1091 534 1161 capient.
595 1091 890 1145 Habebunt
922 1091 1081 1144 etiam
1116 1091 1293 1144 officia
1326 1109 1461 1160 quae
1500 1109 1566 1142 ex
1604 1090 1807 1142 salibus

114 1170 240 1219 sunt
278 1168 364 1219 vel
396 1185 461 1219 ex
492 1167 826 1219 salsamentis
859 1169 911 1218 et
943 1185 974 1218 a
1003 1166 1312 1234 liquamine,
1352 1169 1406 1217 et
1443 1164 1575 1217 haec
1608 1181 1808 1217 merca-

112 1241 325 1295 buntur.
405 1239 463 1293 Si
510 1259 636 1293 vero
683 1241 787 1293 hoc
834 1240 980 1293 sidus
1028 1240 1084 1291 in
1124 1257 1313 1292 occasu
1351 1240 1530 1308 fuerit,
1569 1242 1622 1291 et
1660 1239 1803 1291 Mars

47 1336 89 1369 15
112 1314 255 1367 hunc
294 1315 471 1367 locum
511 1315 813 1383 radiaverit,
854 1317 1102 1367 natantes
1152 1315 1207 1366 in
1246 1313 1413 1366 fluvio
1454 1314 1539 1366 vel
1578 1314 1633 1365 in
1672 1314 1808 1364 mari

114 1408 144 1440 a
184 1389 485 1442 corcodillis
524 1389 608 1442 vel
649 1407 680 1440 a
720 1388 938 1441 canibus
980 1393 1032 1440 et
1070 1387 1437 1441 huiuscemodi
1481 1387 1654 1440 beluis
1687 1404 1807 1439 con-

115 1467 404 1516 sumentur.

227 1536 659 1607 [Septentrio]
701 1536 918 1590 Oriente
945 1535 1400 1606 Septentrione
1433 1536 1524 1604 qui
1557 1539 1637 1588 est
1668 1535 1862 1587 interf>

114 1611 294 1664 Pisces
349 1615 403 1663 et
456 1611 719 1679 Arietem,
779 1611 884 1664 hoc
945 1614 1026 1664 est
1079 1611 1218 1663 inter
1270 1610 1484 1662 initium
1539 1610 1806 1677 finemque

49 1706 92 1740 πο
115 1685 318 1753 mundi,
359 1686 452 1754 qui
490 1686 547 1738 in
585 1704 691 1738 uno
732 1686 928 1738 infixus
967 1687 1085 1738 loco
1127 1689 1180 1737 et
1217 1686 1276 1737 in
1314 1685 1432 1753 ipso
1473 1684 1659 1736 mundi
1697 1703 1808 1736 ver-

115 1760 220 1814 tice
260 1762 552 1813 collocatus
594 1779 746 1812 axem
786 1761 974 1812 mundi
1009 1762 1268 1828 perpetua
1301 1758 1569 1811 celeritate
1602 1761 1808 1810 contor-

118 1835 208 1886 sit:
254 1833 358 1887 hoc
404 1835 586 1902 itaque
634 1835 789 1904 signo
837 1834 1043 1887 oriente
1083 1833 1406 1902 quicumque
1444 1832 1558 1884 nati
1595 1832 1810 1898 fuerint,

118 1911 274 1960 erunt
311 1908 656 1960 mansuetarii
694 1908 940 1976 ferarum,
980 1908 1036 1960 id
1074 1911 1155 1960 est
1194 1907 1287 1976 qui
1324 1925 1479 1959 ursos
1511 1907 1596 1958 vel
1626 1909 1808 1958 tauros

119 1982 203 2034 vel
248 1983 429 2034 leones
479 1982 720 2050 deposita
763 1982 977 2035 feritate
1025 1982 1275 2034 humanis
1315 1980 1810 2034 conversationibus

52 2077 94 2110 25
120 2055 336 2108 socient.
416 2055 473 2108 Si
513 2073 636 2108 vero
678 2055 982 2124 Septentrio
1022 2056 1079 2107 in
1119 2073 1307 2108 occasu
1346 2054 1509 2106 fuerit
1546 2055 1810 2121 inventUS,

119 2132 407 2182 attestante
438 2130 624 2193 Marte,
657 2149 687 2181 a
718 2130 846 2182 feris
878 2130 1189 2182 interibunt.
1251 2129 1538 2181 Extremus
1575 2131 1656 2181 est
1686 2127 1809 2180 An·
1831 2127 1862 2179 7

120 2203 285 2274 guiS,
320 2204 414 2271 qui
445 2205 584 2255 inter
611 2204 740 2256 duas
767 2203 961 2256 Arctos
993 2203 1202 2273 positus
1233 2203 1289 2255 in
1321 2203 1539 2255 modum
1572 2203 1810 2254 fluminis

245 2369 267 2406 1
302 2376 494 2421 sagaces
520 2364 569 2422 v]
600 2364 790 2421 fugaces
914 2370 938 2408 2
972 2366 1019 2407 et
1050 2365 1131 2419 qui
1163 2380 1190 2406 a.
1239 2366 1246 2417 Ι
1294 2363 1436 2407 variis
1466 2363 1678 2407 homines
1710 2365 1811 2419 (om.

121 2423 196 2479 D1)
229 2424 456 2479 appetant
486 2426 667 2479 <petant
696 2426 751 2480 N)
783 2423 968 2467 insidiis
1000 2426 1040 2467 Δ
1163 2428 1190 2466 4
1221 2422 1484 2466 funambuli
1516 2423 1562 2480 a]
1601 2422 1811 2464 funeam-

121 2481 223 2526 buli
246 2487 281 2524 D
313 2481 602 2525 foneambuli
625 2487 664 2524 N
695 2482 938 2526 funeabuli
963 2487 1034 2525 Gv
1066 2482 1346 2526 fimetinbuli
1371 2486 1408 2524 A
1529 2487 1554 2524 5
1587 2481 1812 2538 olibatae]

124 2541 333 2586 oribatae
358 2558 384 2583 a
417 2541 658 2585 calobatae
683 2555 708 2584 σ
731 2544 783 2586 cl.
813 2542 956 2586 CGIL
991 2543 1061 2586 VI
1081 2545 1171 2585 475
1222 2543 1228 2597 Ι
1278 2542 1494 2585 occident
1525 2540 1577 2582 A'
1698 2544 1724 2583 6
1757 2553 1814 2582 ex

125 2600 226 2658 Gn]
259 2603 305 2643 et
336 2599 386 2642 A‘
434 2600 484 2643 in
515 2606 550 2642 Ι)
673 2605 698 2644 9
729 2603 921 2644 vocatur
951 2602 1012 2659 Δ]
1045 2601 1218 2644 dicitur
1253 2603 1299 2644 Γ
1416 2605 1470 2644 10
1502 2600 1729 2643 maiorum
1761 2598 1809 2640 A'

186 2665 238 2703 11
272 2659 446 2715 phocas
478 2664 596 2701 nGv
645 2662 651 2714 1
700 2660 990 2715 xifyastynos
1022 2664 1059 2702 A
1101 2660 1381 2716 xifyastinos
1415 2664 1449 2701 G
1486 2658 1744 2702 xifiastinos
1777 2664 1814 2699 1)

123 2718 393 2762 xifiastonos
424 2723 463 2760 N
521 2721 526 2774 Ι
584 2719 858 2762 cocodrillos
890 2718 942 2761 A'
986 2719 1260 2763 crocodillos
1293 2719 1351 2760 11²
1504 2722 1557 2761 13
1603 2732 1630 2760 a
1662 2716 1811 2773 liqua-

123 2778 247 2820 mine
281 2778 333 2878 G}
382 2777 542 2832 aliqua
572 2778 750 2821 minera
782 2782 819 2819 A
865 2777 1121 2833 liquamine
1154 2781 1194 2821 Δ
1361 2783 1413 2821 16
1455 2776 1717 2820 corcodillis
1749 2777 1814 2833 Δ]

126 2837 390 2880 crocodilis
423 2840 460 2878 A
503 2836 788 2880 crocodrillis
822 2841 856 2878 G
912 2839 918 2893 Ι
976 2839 1022 2880 et
1053 2852 1136 2882 om.
1163 2837 1215 2878 A‘
1247 2838 1386 2893 (unde
1408 2836 1481 2879 vel
1506 2836 1564 2878 ab
1590 2835 1694 2878 aliis
1727 2839 1767 2890 σ)
1804 2836 1810 2894 Ι

124 2895 276 2939 beluis
317 2909 398 2939 om.
433 2900 469 2937 A
620 2900 674 2938 20
715 2910 807 2939 uno
844 2896 909 2954 Γ]
948 2896 1042 2939 imo
1074 2899 1113 2939 Δ
1267 2901 1319 2938 21
1364 2896 1638 2950 contorquet
1668 2910 1695 2936 a

128 2959 182 2998 25
217 2955 519 3010 septemtrion
552 2959 586 2996 G
619 2955 675 3008 cf.
708 2955 761 2999 de
792 2969 875 2999 err.
910 2958 983 3008 52,
1008 2968 1049 2998 15
1178 2959 1231 2997 27
1267 2955 1381 2997 duos
1415 2955 1539 2998 artos
1570 2958 1609 2995 N
1666 2957 1672 3008 Ι
1729 2953 1813 2995 flu-
