2100 3186
794 129 856 175 VI
888 134 958 190 38,
980 135 1135 185 4—39,
1160 143 1195 176 5.
1733 130 1842 184 205

147 252 440 306 luminibus
487 251 554 304 ad
594 249 883 305 Saturnum
922 251 1126 304 feratur
1163 253 1250 304 vel
1288 253 1448 321 plena
1486 251 1554 304 ad
1597 250 1844 322 Martem,

149 326 487 379 omnifariam
552 328 778 378 mortem
845 325 1092 378 decernit.
1173 324 1231 379 Si
1285 344 1412 379 vero
1471 327 1630 395 plena
1687 325 1843 378 lumi·

147 400 307 453 nibus
358 402 412 453 et
457 398 826 452 benivolarum
874 401 1150 452 stellarum
1190 400 1354 452 fuerit
1391 399 1714 453 testimoniis
1755 399 1843 452 ad-

149 477 359 543 ornata,
402 491 525 527 cum
564 474 811 526 maximis
850 473 1125 526 laboribus
1164 474 1375 527 modica
1412 473 1724 543 patrimonii
1764 474 1843 527 in-

103 569 123 602 5
149 551 418 601 crementa
465 547 714 600 decernit.
794 545 1014 615 Semper
1067 548 1210 600 enim
1265 551 1319 600 et
1374 547 1513 601 Solis
1568 551 1623 601 et
1660 548 1843 600 Lunae

147 626 392 691 tempora
430 622 600 674 malos
639 621 838 674 habent
879 621 1068 691 exituS,
1120 622 1436 691 praesertim
1477 622 1523 675 si
1562 640 1652 675 eos
1692 622 1844 674 mali-
1936 675 1944 682 ,

146 696 300 749 volae
339 698 526 748 stellae
564 695 762 748 minaci
800 695 1099 749 radiatione
1137 697 1443 765 respiciant.

260 768 318 823 Si
363 770 516 823 Luna
560 772 866 838 temporum
914 769 1131 822 domina
1177 769 1341 823 fuerit
1388 771 1597 840 effecta,
1647 788 1711 822 ex
1757 770 1895 824 ‹ie-2

148 845 336 897 cennio
369 861 465 896 suo
500 843 730 897 Saturno
764 843 918 896 XXX
950 843 1174 913 deputat
1206 863 1429 897 menses.
1494 843 1627 897 Cum
1660 843 1843 913 itaque

81 939 124 972 ιο
149 917 411 971 Saturnus
452 918 766 986 deputatum
806 918 909 970 sibi
949 937 979 970 a
1017 917 1170 970 Luna
1209 922 1422 988 tempus
1462 920 1747 987 acceperit,
1798 918 1844 971 si

146 993 355 1044 minuta
394 992 466 1044 sit
502 993 720 1061 lumine,
761 1011 826 1045 ex
865 993 1075 1045 vitiosis
1113 992 1431 1046 humoribus
1468 996 1563 1045 aut
1594 1010 1659 1045 ex
1690 993 1843 1061 aquis

147 1070 240 1119 aut
287 1084 351 1118 ex
396 1066 694 1136 naufragiis
741 1066 936 1118 misera
980 1067 1341 1135 periculorum
1389 1066 1624 1120 decernit
1665 1066 1844 1136 exitia,

147 1144 200 1192 et
251 1140 473 1192 miseras
518 1144 734 1193 mortes.
813 1139 870 1193 Si
916 1159 1042 1193 vero
1091 1142 1162 1193 sit
1207 1142 1395 1211 plena,
1449 1140 1579 1193 facit
1627 1141 1844 1210 quidem

145 1214 276 1267 haec
316 1215 514 1284 eadem,
553 1215 645 1266 sed
684 1215 775 1266 dat
814 1214 1072 1268 evadendi
1110 1216 1436 1268 facultatem.

80 1309 122 1342 15
261 1287 318 1341 Si
356 1288 509 1341 Luna
554 1291 860 1357 temporum
908 1289 1124 1342 domina
1169 1289 1335 1342 fuerit
1381 1289 1590 1358 effecta,
1645 1307 1710 1341 ex
1758 1288 1896 1342 ‹le-3

147 1363 335 1415 cennio
393 1381 489 1416 suo
544 1361 662 1416 Iovi
714 1361 820 1415 XII
876 1362 1097 1432 deputat
1151 1382 1372 1416 menses.
1473 1362 1606 1416 Cum
1660 1362 1843 1432 itaque

146 1435 391 1506 Iuppiter
430 1437 743 1506 deputatum
784 1436 892 1490 sibi
922 1456 953 1489 a
985 1437 1138 1490 Luna
1169 1441 1380 1507 tempus
1413 1437 1694 1507 acceperit,
1734 1455 1844 1490 om-

145 1511 236 1563 nia
273 1510 415 1563 bona
455 1529 575 1563 cum
607 1510 814 1565 laetitia
854 1518 906 1564 et
944 1529 1066 1564 cum
1105 1511 1376 1565 hilaritate
1409 1512 1659 1578 decernit,
1697 1530 1845 1580 prae-

147 1584 331 1638 sertim
378 1585 423 1637 si
463 1585 615 1638 Luna
660 1585 826 1638 fuerit
872 1585 1030 1655 plena
1067 1585 1389 1639 luminibus:
1440 1589 1570 1639 tunc
1607 1586 1844 1656 pericula

79 1662 275 1712 201311Πο
307 1662 483 1712 metus
516 1663 645 1713 tunc
677 1659 1039 1730 aegritudines
1073 1661 1373 1730 sopiuntur,
1413 1663 1540 1713 tunc
1572 1678 1669 1730 pro
1702 1679 1844 1713 men-

81 1791 83 1794 ,
147 1751 270 1786 sura
310 1734 587 1804 geniturae
626 1733 900 1787 felicitatis
941 1738 1228 1804 augmenta
1266 1735 1575 1804 procedunt.

258 1805 316 1860 Si
353 1807 507 1860 Luna
552 1811 856 1877 temporum
906 1807 1122 1861 domina
1160 1809 1324 1861 fuerit
1364 1809 1571 1876 effecta,
1622 1827 1688 1861 ex
1729 1809 2004 1864 de-f01·8801

147 1881 335 1934 cennio
384 1900 480 1934 suo
529 1881 692 1935 Marti
738 1881 842 1934 XV
890 1882 1111 1951 deputat
1156 1901 1380 1936 menses,
1474 1882 1608 1935 Cum
1660 1882 1897 1951 itaque4

146 1955 289 2008 Mars
329 1955 642 2024 deputatum
684 1956 788 2008 sibi
827 1974 857 2008 a
894 1956 1047 2009 Luna
1084 1959 1297 2026 tempus
1338 1958 1623 2026 acceperit,
1679 1957 1725 2009 si
1772 1957 1844 2009 sit

81 2049 122 2082 25
146 2029 306 2098 plena
344 2030 655 2096 luminibUS,
698 2030 958 2083 maximas
998 2030 1334 2083 turbationes
1374 2034 1428 2083 et
1466 2031 1726 2083 maximas
1768 2049 1843 2084 se-

147 2103 377 2156 ditiones
425 2104 680 2173 decernit3
729 2107 782 2156 et
829 2105 875 2157 si
921 2104 978 2156 in
1025 2105 1273 2175 genitura
1312 2105 1388 2158 sic
1428 2106 1498 2157 sit
1537 2105 1840 2174 [quadrata]

147 2176 325 2245 posita
386 2180 446 2229 ut
509 2177 767 2246 quadrata
820 2179 907 2230 vel
961 2178 1218 2231 diametra
1272 2179 1518 2231 videatur
1571 2198 1602 2231 a
1655 2179 1843 2248 Marte,

147 2255 425 2303 cruentum
465 2269 526 2304 ac
564 2251 741 2304 flebile
781 2251 1101 2304 calamitatis
1143 2253 1378 2306 decernit
1418 2254 1657 2306 exitium.

261 2324 318 2378 Si
366 2325 517 2377 Luna
563 2329 869 2395 temporum
918 2326 1134 2379 domina
1180 2326 1345 2379 fuerit
1392 2327 1598 2396 effecta,
1647 2345 1711 2380 ex
1759 2326 1896 2380 de-5

80 2420 125 2454 30
149 2401 336 2452 cennio
379 2417 474 2452 suo
509 2398 623 2452 Soli
654 2398 783 2452 XIX
816 2401 1038 2469 deputat
1069 2419 1291 2454 menses,
1363 2400 1495 2454 Cum
1537 2401 1717 2470 itaque
1751 2399 1845 2453 Sol

149 2473 464 2542 deputatum
520 2473 622 2525 sibi
678 2492 708 2525 a
761 2474 913 2526 Luna
973 2477 1187 2544 tempus
1250 2476 1539 2543 acceperit,
1601 2475 1844 2527 incendia

149 2548 454 2599 exustiones
495 2548 858 2618 aegritudines
894 2551 948 2600 et
979 2548 1323 2620 flagrantium
1355 2549 1587 2602 febrium
1620 2549 1844 2601 miseros

270 2697 294 2736 3
329 2691 570 2736 stellarum
595 2706 678 2737 om.
708 2695 755 2738 Γ
867 2697 891 2736 9
923 2693 1051 2737 XXX
1075 2709 1158 2738 om.
1186 2698 1265 2736 AB
1381 2700 1432 2738 11
1467 2694 1641 2737 lumine
1666 2695 1707 2752 ζ]
1732 2693 1845 2737 luna

154 2753 200 2795 Γ
225 2766 308 2796 om.
343 2754 382 2795 Δ
539 2755 591 2795 18
626 2766 730 2796 011111
761 2754 838 2797 alt.
872 2766 958 2796 om.
990 2756 1076 2796 AG
1227 2758 1281 2796 25
1323 2752 1464 2809 plena
1495 2752 1748 2796 luminibus
1781 2755 1842 2809 A]

149 2810 280 2853 Luna
304 2811 444 2867 plena
472 2813 519 2854 Γ
634 2816 688 2854 26
723 2812 788 2855 810
812 2826 896 2855 om.
922 2814 962 2855 Δ
1014 2814 1019 2867 Ι
1077 2813 1160 2856 del.
1187 2815 1211 2864 ζ
1331 2817 1383 2855 27
1418 2813 1572 2869 posita
1598 2838 1653 2844 —
1679 2812 1841 2868 quadr.

149 2884 232 2914 om.
266 2873 305 2913 Δ
366 2875 371 2925 Ι
429 2872 482 2913 ut
514 2870 554 2928 ζ]
588 2873 669 2913 aut
704 2873 751 2914 Γ
865 2870 939 2914 vel
974 2873 1035 2928 Γ]
1074 2875 1156 2914 aut
1188 2874 1227 2915 Δ
1360 2875 1414 2914 28
1449 2871 1643 2915 exitium
1675 2886 1758 2915 om.
1792 2873 1844 2915 in

149 2934 264 2984 spat.
297 2943 391 2974 vac.
422 2931 468 2973 Γ
583 2934 638 2972 29
672 2930 792 2973 dom.
826 2930 968 2973 fuerit
999 2931 1142 2987 temp.
1172 2933 1218 2974 Γ
