2078 3174
239 170 344 223 182
967 170 1198 216 FIRMICI

234 290 387 344 volae
441 293 626 343 stellae
680 290 946 344 masculos
1002 291 1218 360 dabunt,
1271 291 1558 345 femininae
1605 309 1731 344 vero
1779 291 1924 344 beni-

234 364 387 417 volae
424 365 664 417 feminas.
735 364 854 417 Hoc
892 365 1033 417 idem
1073 365 1234 418 etiam
1273 364 1555 419 malivolae
1595 368 1779 418 stellae
1809 384 1924 435 per-

234 439 437 492 ficiunt.
509 438 598 492 Sic
638 439 817 491 omnia
851 457 948 508 pro
982 439 1315 509 singularum
1348 442 1624 492 stellarum
1655 443 1923 509 potestate

236 513 566 581 conplentur.
638 511 739 565 Sed
780 514 1099 583 generaliter
1139 513 1276 565 sicut
1307 513 1364 565 in
1396 513 1533 566 libro
1567 513 1924 567 institutionis

235 586 482 655 diximuS‚
521 585 615 638 III.
650 587 714 639 ab
754 587 1054 656 horoscopo
1094 587 1243 640 locus
1275 588 1466 641 fratres
1500 587 1747 640 ostendit.
1820 586 1924 639 Sed
1970 609 1990 641 ε»

233 678 331 714 nos
372 660 638 729 partiliter
674 661 1023 729 requiramus,

146 733 214 787 27
346 734 458 804 [De
497 734 638 787 loco
681 735 1013 806 coniugis]
1064 733 1122 788 Si
1159 737 1337 788 locum
1377 735 1619 806 coniugis
1658 734 1926 804 partiliter

233 809 466 861 volueris
514 809 773 878 invenire,
823 813 1056 878 conputa
1105 829 1134 861 a
1179 813 1331 878 parte
1379 808 1597 862 Saturni
1642 827 1812 878 usque
1859 809 1925 861 ad

232 886 439 952 partem
490 882 714 936 Veneris
723 925 738 952 ‚
793 887 845 936 et
901 887 1367 951 quantamcunque
1422 887 1684 952 conputus
1738 883 1926 935 fecerit

234 976 511 1025 summam,
550 960 756 1009 tantam
795 958 862 1010 ab
898 957 1198 1026 horoscopo
1231 957 1488 1010 inchoans
1519 976 1616 1027 per
1648 957 1926 1026 sequentia
1949 979 1993 1011 10

235 1031 434 1084 divides
475 1032 649 1102 signa3
705 1034 757 1084 et
795 1031 852 1083 in
893 1049 1230 1100 quocumque
1270 1031 1511 1085 dividens
1551 1033 1706 1101 signo
1746 1031 1924 1084 novis-

234 1106 422 1159 simam
462 1105 727 1158 inveneris
767 1108 997 1174 partem,
1035 1106 1167 1158 haec
1205 1105 1307 1157 tibi
1346 1125 1471 1176 pars
1510 1105 1568 1158 in
1608 1105 1796 1158 diurna
1835 1123 1924 1175 ge-

145 1177 214 1230 28
231 1181 411 1232 nitura
465 1180 708 1249 coniugis
762 1181 941 1232 locum
994 1182 1273 1232 monstrat.
1364 1178 1427 1232 In
1480 1182 1743 1233 nocturna
1795 1197 1920 1231 vero

234 1254 479 1324 genitura
526 1272 556 1305 a
594 1253 801 1306 Venere
847 1254 1104 1307 inchoans
1144 1253 1210 1305 ad
1254 1253 1542 1306 Saturnum
1590 1253 1925 1321 conputabis,

235 1331 287 1380 et
327 1327 573 1380 similiter
612 1328 912 1382 conlectum
943 1329 1178 1397 partium
1209 1346 1492 1381 numerum
1524 1328 1590 1380 ab
1623 1327 1923 1395 horoscopo
1950 1348 1992 1382 1⁵

234 1401 491 1454 inchoans
543 1402 769 1472 divides,
824 1405 878 1454 et
930 1402 987 1454 in
1039 1420 1375 1471 quocumque
1428 1403 1583 1472 signo
1634 1400 1926 1454 novissima

234 1494 356 1545 pars
408 1477 635 1545 venerit,
688 1477 792 1529 hoc
842 1476 944 1528 tibi
996 1477 1211 1546 signum
1261 1477 1319 1528 in
1369 1480 1630 1528 nocturna
1680 1477 1927 1546 genitura

233 1552 413 1604 locum
460 1550 702 1621 coniugis
755 1554 1031 1603 monstrat.
1109 1549 1222 1603 Alii
1269 1569 1299 1602 a
1340 1549 1463 1603 Sole
1510 1550 1576 1602 ad
1619 1549 1826 1602 Lunam
1873 1552 1926 1601 et

235 1625 292 1676 in
331 1624 520 1676 diurna
559 1628 612 1676 et
650 1625 706 1676 in
744 1628 1008 1677 nocturna
1044 1625 1364 1695 <genitura>
1403 1627 1458 1677 et
1494 1623 1810 1676 tantundem
1856 1624 1922 1675 ab

232 1698 531 1766 horoscopo
572 1701 888 1767 conputant‚
932 1702 985 1750 et
1025 1699 1081 1750 in
1118 1698 1263 1751 virili
1302 1701 1355 1750 et
1395 1699 1450 1750 in
1489 1697 1739 1750 muliebri
1779 1699 1924 1767 geni·
1949 1718 1993 1750 20

234 1775 355 1824 tura
395 1773 641 1826 similiter
681 1775 1049 1841 conputanteS,
1089 1776 1142 1824 et
1180 1773 1282 1825 hoc
1321 1790 1419 1825 nos
1460 1772 1516 1823 in
1554 1772 1740 1824 multis
1779 1771 1924 1841 geni-

147 1843 216 1896 29
235 1847 370 1899 turis
400 1846 758 1915 probavimus,
823 1845 956 1899 Cum
988 1847 1169 1915 itaque
1200 1847 1379 1898 locum
1413 1845 1657 1916 coniugis
1689 1845 1789 1897 hac
1822 1863 1926 1914 qua

236 1921 468 1973 diximus
507 1920 714 1972 ratione
755 1921 1050 1991 collegeriS‚
1089 1920 1324 1989 primum
1363 1920 1566 1988 inspice
1607 1919 1747 1989 signi
1779 1923 1926 1988 pote-

235 1998 444 2063 statem,
482 1998 789 2047 utrumnam
830 1994 1060 2047 solidum
1101 1995 1170 2046 sit
1210 2013 1276 2046 an
1314 1994 1511 2063 duplex
1542 2012 1609 2044 an
1641 1993 1923 2062 tropicum.

237 2067 480 2122 Secundo
530 2069 713 2121 ordine
761 2069 894 2121 illud
942 2086 1160 2136 quaeres
1209 2087 1314 2137 quo
1362 2070 1419 2121 in
1471 2069 1590 2120 loco
1646 2068 1925 2138 geniturae
1949 2088 1992 2120 25

236 2143 377 2213 signi
431 2144 501 2195 sit
557 2143 803 2195 dominus
861 2145 1165 2196 collocatus.
1253 2142 1434 2195 Tertio
1491 2143 1727 2210 requires
1782 2141 1925 2193 hunc

236 2217 459 2270 eundem
498 2216 694 2285 locum,
732 2217 786 2269 id
826 2220 906 2269 est
938 2217 993 2269 in
1027 2235 1132 2285 quo
1166 2219 1245 2269 est
1277 2217 1465 2269 finium
1499 2215 1760 2284 dominm,
1800 2233 1925 2283 qua-

236 2294 390 2343 tenus
443 2291 719 2342 benivolae
761 2293 944 2343 stellae
985 2290 1371 2359 malivolaeque
1410 2289 1711 2358 respiciant.
1791 2287 1925 2341 Cum

237 2365 375 2416 enim
431 2364 568 2417 idem
627 2365 838 2434 signum
893 2365 948 2415 in
997 2383 1102 2433 quo
1154 2363 1301 2416 locus
1349 2364 1592 2433 coniugis
1637 2363 1800 2416 fuerit
1846 2362 1925 2414 in-

235 2442 447 2506 ventus,
501 2439 779 2490 benivolae
829 2440 1011 2491 stellae
1058 2437 1418 2507 possederint,
1471 2436 1598 2507 <in>
1645 2436 1925 2506 oportunis
1950 2456 1993 2488 30

357 2619 378 2656 1
405 2612 607 2657 feminae
633 2615 679 2656 Γ
788 2617 812 2655 3
837 2626 920 2669 per
944 2613 1060 2669 sing.
1089 2614 1144 2656 st.
1169 2614 1454 2669 potestatem
1479 2615 1518 2655 A
1634 2617 1660 2655 4
1685 2612 1741 2666 cf.
1769 2611 1843 2655 lib.
1870 2611 1933 2653 II

238 2675 309 2725 19,
327 2684 348 2714 4
470 2677 493 2715 6
526 2674 708 2728 partem
733 2675 772 2715 Δ
896 2677 921 2716 8
955 2674 1159 2727 conputa
1183 2672 1291 2730 AA]
1325 2673 1549 2727 conputas
1575 2675 1653 2713 BG
1685 2671 1925 2725 (conputes

236 2734 280 2785 v)
435 2736 487 2774 11
530 2730 740 2775 dividens
773 2745 856 2775 om.
890 2734 929 2775 Δ
968 2733 1154 2787 (probat
1184 2734 1222 2787 ζ)
1375 2735 1429 2774 14
1470 2745 1575 2774 cum
1614 2743 1641 2772 a
1673 2729 1852 2772 Venere
1883 2731 1923 2771 Δ

238 2789 408 2844 (locum
441 2792 488 2833 et
519 2790 697 2834 Venere
731 2793 781 2847 G>
920 2795 973 2833 15
1008 2790 1287 2848 conlectum]
1321 2789 1567 2833 collectum
1595 2791 1642 2832 Γ
1667 2787 1926 2831 coniectum

238 2851 277 2891 A
318 2851 323 2904 1
367 2863 607 2892 numerum
640 2860 723 2893 om.
749 2852 787 2892 A
915 2854 967 2892 16
1002 2849 1182 2892 dividas
1215 2852 1254 2892 A
1379 2853 1432 2891 19
1466 2848 1571 2891 add.
1606 2863 1633 2889 a
1754 2851 1807 2889 21
1841 2859 1925 2888 nos

237 2907 326 2950 hoc
358 2910 397 2950 A
540 2913 594 2951 27
628 2909 826 2952 eundem
858 2909 958 2966 DG]
1008 2909 1261 2951 secundum
1319 2909 1324 2963 Ι
1383 2909 1610 2962 quatenus
1643 2918 1749 2949 eum
1781 2920 1807 2947 a

239 2971 294 3009 29
327 2966 428 3010 loco
462 2969 500 3009 A
625 2972 679 3010 30
713 2968 819 3011 add.
853 2983 879 3009 a
