2078 3174
248 119 354 172 140
979 114 1209 162 FIRMICI

245 240 535 309 cupiditate
588 239 823 308 possessi
879 239 943 291 ad
999 239 1331 293 consortium
1381 239 1487 291 tori
1534 239 1759 310 genialis
1806 240 1939 293 invi-

243 317 373 366 tant.
447 312 504 366 Si
543 331 668 366 vero
707 313 948 366 mulieris
979 313 1143 365 fuerit
1174 314 1278 366 ista
1309 313 1568 384 genitura,
1607 314 1939 367 matrimoni-i

242 388 418 458 gratia
463 387 594 439 haec
642 387 823 439 eadem
870 387 1065 439 mulier
1110 391 1204 439 aut
1248 388 1391 457 patri
1436 388 1690 458 iungetur
1735 390 1828 440 aut
1864 388 1940 440 vi-

241 463 392 514 trico,
463 460 646 514 Talem
679 459 1036 513 OEDIPODEM
1070 460 1321 514 habuisse
1340 461 1655 531 ‚genituram
1687 463 1938 530 antiquae

242 536 422 588 ferunt
460 536 745 587 memoriae
784 535 1088 588 lectionum.
1165 534 1293 587 Fuit
1333 535 1475 588 enim
1512 535 1845 604 horoscopus
1883 536 1940 587 in
1961 595 1963 597 y
1985 555 2007 590 ε

244 608 471 678 Cancro,
513 608 607 661 Sol
644 609 701 661 in
739 607 945 673 Ariete,
986 608 1250 662 Saturnus
1290 610 1346 661 in
1383 608 1651 679 Piscibus,
1697 609 1940 678 Iuppiter

243 687 296 735 61
334 651 518 747 Venils
557 685 615 736 in
652 681 915 752 Aquario,
955 683 1100 735 Mars
1139 683 1197 735 in
1234 683 1421 752 Libra,
1458 683 1612 736 Luna
1650 685 1706 736 in
1743 684 1940 736 nebula

243 756 449 824 Cancri,
487 757 782 810 Mercurius
823 775 943 809 cum
987 756 1125 810 Sole.

191 831 225 883 2
357 831 460 883 Si
445 850 503 883 1n
536 831 734 885 finibus
766 830 1016 884 Mercurii
1046 831 1200 883 Luna
1238 831 1402 883 fuerit
1440 831 1671 900 inventa,
1712 834 1765 884 et
1804 850 1938 884 mas-

241 905 406 957 culini
446 905 654 976 generis
694 906 841 958 sidus
874 906 1152 974 acceperit,
1190 905 1502 974 praesertim
1535 906 1581 957 si
1611 905 1669 956 in
1699 904 1937 974 Aquario
1967 926 2009 959 10

239 979 404 1031 fuerit
437 980 667 1045 inventa,
706 998 806 1033 nec
835 978 1020 1032 Venus
1051 978 1170 1032 Iovi
1201 980 1468 1050 trigonica
1498 979 1794 1033 radiatione
1826 980 1939 1032 iun-

240 1056 420 1123 gatur,
475 1053 567 1123 qui
615 1054 690 1106 sic
735 1053 833 1106 has
882 1056 1065 1106 stellas
1110 1054 1418 1122 habuerint,
1471 1071 1747 1122 nunquam
1794 1053 1937 1107 filios

241 1128 552 1180 sortiuntur.

188 1203 222 1254 3
353 1200 411 1254 Si
449 1202 505 1253 in
546 1201 1028 1270 aequinoctialibus
1067 1201 1309 1272 (signis)
1346 1201 1500 1254 Luna
1538 1201 1595 1253 in
1632 1201 1935 1270 horoscopo

241 1276 404 1328 fuerit
433 1275 664 1343 inventa,
696 1276 751 1327 id
784 1279 864 1328 est
897 1277 953 1328 in
983 1275 1167 1329 Ariete
1199 1276 1285 1328 vel
1315 1274 1501 1344 Libra,
1534 1274 1780 1346 Iuppiter
1810 1294 1936 1328 vero
1962 1295 2006 1329 15

243 1353 295 1402 et
326 1350 470 1402 Mars
501 1350 684 1419 partili
717 1351 970 1403 societate
1001 1351 1272 1403 coniuncti
1304 1351 1361 1402 in
1391 1348 1507 1402 MC.
1539 1353 1625 1402 vel
1656 1350 1713 1402 in
1744 1368 1935 1404 occasu

241 1424 443 1476 fuerint
498 1426 762 1493 collocati,
815 1423 999 1477 Venus
1050 1443 1174 1477 vero
1227 1428 1280 1476 et
1333 1422 1593 1476 Saturnus
1649 1424 1706 1476 in
1758 1423 1938 1492 Capri-

244 1516 405 1551 corno
453 1499 539 1551 vel
585 1497 824 1566 Aquario
871 1499 1074 1568 pariter
1120 1497 1400 1552 constituti
1448 1500 1502 1550 et
1547 1498 1773 1550 eundem
1819 1516 1937 1565 par-

240 1571 378 1624 tium
415 1591 695 1625 numerum
733 1573 1068 1641 possidentes
1106 1572 1332 1625 Martem
1378 1574 1431 1623 et
1468 1571 1652 1625 Iovem
1699 1571 1937 1640 qualibet

61 1658 251 1701 soiwwz
271 1646 567 1698 radiatione
621 1646 931 1715 respiciant,
985 1647 1184 1700 facient
1238 1646 1444 1698 steriles
1497 1646 1830 1698 effeminatos
1885 1649 1938 1698 et
1961 1666 2005 1698 20

242 1721 476 1774 abscisos
515 1723 702 1791 gaUOS,
740 1721 1064 1791 religionum
1105 1721 1438 1773 caerimoniis
1479 1720 1783 1773 servientes

188 1795 224 1846 4
355 1793 412 1847 Si
458 1795 515 1846 in
563 1795 719 1847 domo
759 1794 985 1848 Veneris
1032 1798 1258 1863 aequata
1304 1794 1473 1863 partis
1521 1794 1774 1846 societate
1815 1811 1936 1846 con-

240 1868 411 1921 iuncti
475 1867 737 1922 Saturnus
801 1872 853 1922 et
914 1869 1058 1921 Mars
1119 1869 1322 1937 pariter
1378 1868 1579 1921 fuerint
1641 1868 1936 1937 constituti,

241 1960 486 1995 occasum
533 1944 619 1995 vel
657 1940 798 1994 IMC.
846 1943 1195 2011 possidentes,
1243 1945 1296 1995 et
1342 1942 1400 1994 in
1446 1942 1705 1994 diametro
1753 1960 1933 1994 eorum

238 2016 421 2070 Venus
472 2017 528 2069 in
579 2017 736 2069 domo
786 2016 976 2069 Martis
1027 2017 1205 2086 posita
1262 2015 1491 2069 Saturno
1543 2019 1596 2068 et
1641 2015 1804 2068 Marti
1855 2034 1935 2068 ae-
1960 2034 2003 2067 2⁵

240 2094 402 2159 quata
440 2091 609 2159 partis
650 2090 721 2144 sit
758 2091 966 2143 ratione
1006 2091 1289 2160 contraria,
1326 2090 1459 2143 haec
1489 2092 1765 2142 stellarum
1799 2089 1935 2141 ordi-

238 2165 385 2217 natio
427 2165 658 2218 eunuchi
696 2165 999 2235 genituram
1038 2165 1194 2218 nobis
1235 2164 1482 2218 ostendit.

189 2238 222 2290 5
354 2238 411 2291 81
449 2238 595 2291 Mars
643 2242 696 2292 et
735 2238 887 2290 Luna
935 2240 1194 2292 diametra
1240 2239 1346 2291 sibi
1393 2238 1594 2290 fuerint
1639 2236 1934 2289 radiatione

240 2313 513 2380 contrarii,
565 2315 618 2364 et
657 2313 867 2365 easdem
908 2314 1064 2366 ambo
1105 2314 1157 2364 in
1201 2312 1459 2365 diametro
1501 2312 1781 2364 constituti
1818 2330 1934 2379 par-

240 2389 319 2438 tes
362 2387 641 2455 accipiant,
692 2386 875 2439 Venus
926 2406 1050 2439 vero
1098 2388 1156 2438 in
1206 2387 1392 2439 dextro
1442 2404 1624 2438 eorum
1674 2385 1932 2452 quadrato
1958 2404 2001 2436 30

239 2460 403 2512 fuerit
458 2461 763 2529 constituta,
819 2463 871 2512 et
920 2460 1182 2514 Venerem
1239 2460 1300 2512 de
1359 2459 1615 2512 diametro
1673 2458 1933 2512 Saturnus

361 2580 386 2618 3
411 2576 601 2619 victi-ico
628 2575 726 2618 ΑΚΝ
820 2582 847 2618 4
871 2590 1033 2620 nomen
1062 2576 1306 2631 Oedipodis
1328 2577 1473 2621 variis
1495 2576 1641 2620 ‘modis
1665 2576 1815 2619 leviter
1837 2588 1932 2618 cor—

240 2640 427 2690 ruptum
458 2637 510 2679 in
543 2635 668 2679 codd.
793 2639 819 2678 8
851 2635 990 2679 Mero.
1024 2648 1129 2678 vero
1162 2639 1217 2676 W
1340 2639 1364 2678 9
1401 2635 1450 2679 L.
1484 2635 1523 2678 si
1554 2634 1584 2678 i.
1616 2634 1678 2677 M.
1709 2633 1786 2677 fin.
1819 2638 1873 2675 W

244 2698 297 2737 10
331 2694 479 2751 sidus]
512 2695 696 2750 explicit
727 2698 781 2735 W
904 2699 955 2737 11
985 2693 1153 2737 Veneri
1183 2693 1392 2749 Iuppiter
1423 2696 1510 2737 AG
1632 2698 1685 2736 14
1719 2692 1823 2736 add.
1851 2694 1874 2744 ζ

242 2758 295 2795 15
321 2753 394 2795 vel
419 2754 464 2810 a]
490 2755 538 2796 et
629 2758 682 2796 18
707 2753 854 2809 partis
875 2755 922 2796 Γ
1008 2757 1062 2796 22
1081 2758 1122 2797 et
1137 2756 1192 2795 26
1213 2754 1361 2808 possis
1383 2753 1591 2809 partium
1615 2758 1656 2796 et
1678 2752 1742 2794 sie
1765 2751 1930 2806 ubique

208 2830 211 2833 ·
301 2817 354 2854 25
389 2811 614 2855 Saturnus
641 2815 687 2866 et
711 2812 835 2855 Mars
859 2813 906 2855 Γ
1022 2816 1075 2855 26
1107 2813 1242 2867 parte
1266 2814 1306 2854 A
1357 2814 1364 2867 Ι
1415 2812 1476 2854 sit
1501 2837 1554 2843 —
1582 2810 1831 2866 contraria]
1859 2823 1928 2852 so-

242 2870 411 2913 cietate
437 2871 672 2914 coniuncti
697 2875 733 2913 A
783 2873 788 2927 Ι
837 2870 1037 2927 ratione]
1068 2870 1330 2914 radiatione
1353 2875 1392 2912 N
1442 2873 1447 2925 Ι
1498 2869 1728 2913 ordinatio
1761 2870 1823 2925 Γ]
1857 2883 1929 2911 ra-

242 2929 387 2973 diatio
414 2932 453 2972 Δ
548 2935 600 2972 31
629 2930 882 2973 constituta
907 2929 1048 2973 fuerit
1071 2932 1110 2972 Δ
1141 2932 1145 2985 Ι
1175 2929 1330 2974 Venus
1357 2929 1400 2973 d.
1427 2929 1467 2972 d.
1497 2929 1744 2972 Saturnum
1768 2941 1880 2972 corr.
1906 2928 1931 2979 ζ
