2084 3192
255 123 363 175 248
918 142 922 147 ·
988 120 1217 165 FIRMICI
1238 123 1242 127 “

206 242 236 295 7
369 242 492 312 [De
531 242 630 297 his
671 244 779 312 qui
818 262 955 297 cum
993 244 1195 295 fratre
1235 244 1296 293 et
1333 242 1479 294 filio
1521 242 1832 312 coibunt]
1889 242 1947 296 Si

257 317 315 370 in
363 317 666 370 cardinibus
714 317 896 371 Venus
943 317 1096 369 Luna
1142 319 1195 369 et
1239 315 1484 384 Iuppiter
1537 318 1698 370 simul
1748 318 1948 370 fuerint

259 392 523 459 collocati,
561 395 654 444 aut
693 395 736 443 si
774 392 832 443 in
870 391 1177 444 cardinibus
1217 390 1381 458 positi
1413 391 1671 459 quadrata
1710 394 1803 443 aut
1843 391 1948 443 dia—

257 469 429 518 metra
481 483 537 518 se
584 465 880 518 radiatione
926 465 1275 533 respexerint,
1330 467 1383 517 et
1438 463 1697 517 Saturnus
1751 466 1827 517 sic
1880 466 1950 518 sit

256 538 466 609 positus
519 541 582 590 ut
629 557 810 591 omnes
862 538 1100 608 qualibet
1152 537 1448 591 radiatione
1500 539 1771 607 respiciat,
1825 557 1946 591 cum
1993 559 2014 592 5

258 616 429 665 matre
483 616 537 666 et
592 631 711 666 cum
766 612 880 665 filia
933 614 1072 665 coire
1126 611 1344 664 faciunt.
1430 611 1533 665 Sed
1591 614 1638 665 si
1688 611 1949 666 Saturnus

257 686 465 738 Lunam
507 690 559 739 et
598 686 862 740 Venerem
903 688 1043 740 solas
1082 685 1300 753 viderit,
1338 685 1566 739 latenter
1602 686 1706 739 hoc
1744 687 1950 739 facinus

188 775 193 778 ’
260 760 618 830 conmittitur3
674 761 718 814 si
774 779 898 814 vero
949 764 1090 813 totas
1146 762 1434 829 aspexerit,
1487 760 1702 829 publice
1764 762 1950 813 ambas

209 834 240 887 8
259 835 550 887 sortientur
599 853 806 888 uxores.
881 834 946 887 In
995 834 1232 887 mulieris
1279 853 1404 887 vero
1453 835 1719 904 genitura,
1767 835 1813 887 si
1859 835 1952 887 ubi

260 909 466 961 Lunam
506 910 783 978 posuimus
824 908 918 962 Sol
955 908 1120 961 fuerit
1157 909 1420 978 inventUS,
1459 912 1512 961 et
1549 926 1668 960 cum
1707 911 1860 978 patre
1899 912 1951 960 et
1977 928 2019 961 ιο

261 1001 381 1036 cum
413 983 527 1035 filio
561 983 740 1036 coibit.
804 982 862 1036 81
885 1001 1010 1035 vero
1034 982 1439 1051 <Mercurius>
1425 1001 1481 1034 m
1505 983 1703 1035 finibus
1730 982 1952 1035 Veneris

258 1057 438 1123 fuerit,
479 1060 532 1109 et
570 1057 756 1110 Venus
794 1058 851 1109 in
889 1057 1087 1109 finibus
1118 1056 1386 1125 Mercurii,
1425 1059 1479 1109 et
1510 1056 1555 1108 si
1587 1058 1664 1110 sic
1704 1057 1952 1110 collocati

262 1131 520 1200 quadrata
559 1131 644 1184 vel
675 1131 933 1184 diametra
964 1149 1020 1183 se
1050 1130 1346 1183 radiatione
1377 1131 1680 1199 respiciant,
1711 1130 1954 1200 Iuppiter

261 1223 387 1257 vero
426 1204 526 1258 hos
567 1208 659 1258 aut
707 1205 771 1257 de
818 1206 1077 1274 quadrato
1126 1207 1219 1256 aut
1265 1205 1329 1256 de
1378 1204 1636 1257 diametro
1687 1205 1954 1273 respiciat,

261 1279 421 1332 faciet
473 1280 615 1332 filios
671 1298 702 1331 a
753 1279 998 1348 patribus
1061 1278 1337 1331 muliebris
1398 1279 1636 1331 libidinis
1690 1278 1951 1331 maculam
1980 1299 2019 1331 15

263 1352 542 1406 sustinere.

212 1426 244 1478 9
377 1426 498 1496 [De
537 1427 899 1496 adulteris]
964 1426 1021 1479 81
1060 1425 1203 1479 Mars
1243 1429 1295 1478 et
1334 1426 1518 1478 Venus
1559 1427 1719 1479 simul
1755 1426 1956 1479 fuerint

264 1501 494 1570 inventi,
541 1505 631 1554 aut
672 1503 718 1554 si
756 1501 902 1554 Mars
942 1501 999 1553 in
1037 1501 1234 1553 finibus
1273 1500 1498 1552 Veneris
1539 1503 1863 1553 constitutus
1903 1504 1957 1553 et

265 1574 448 1627 Venus
496 1576 553 1627 in
599 1575 796 1628 finibus
836 1575 1024 1627 Martis
1063 1575 1240 1643 posita
1281 1575 1521 1642 qualibet
1561 1593 1615 1627 se
1658 1575 1954 1627 radiatione

263 1648 575 1718 respiciant,
622 1649 890 1702 adulteros
929 1649 1149 1701 faciunt.
1228 1648 1286 1700 Si
1331 1667 1455 1701 vero
1495 1649 1790 1702 Mercurius
1831 1667 1955 1717 qua·
1980 1669 2023 1700 20

266 1722 417 1775 drata
463 1741 552 1776 eos
599 1723 685 1776 vel
732 1724 990 1775 diametra
1034 1723 1330 1775 radiatione
1383 1723 1656 1791 respiciat,
1703 1727 1954 1791 aequatas

266 1796 374 1849 illis
413 1797 691 1865 possidens
738 1801 938 1866 parteS,
982 1797 1144 1849 faciet
1190 1796 1313 1853 illos
1361 1796 1415 1849 in
1459 1797 1578 1848 istis
1624 1797 1955 1850 facinoribus

267 1870 604 1939 deprehendi.
682 1870 786 1923 Sed
818 1871 880 1923 de
911 1871 1016 1924 hoc
1047 1870 1206 1922 titulo
1241 1870 1297 1921 in
1327 1871 1765 1939 praecedentibus
1801 1871 1955 1923 libris

266 1945 697 2013 frequentissime
737 1945 983 1997 diximus.

1045 2106 1186 2159 XIX.
1283 2131 1285 2133 ¹
1981 2126 2023 2158 25

221 2210 247 2261 1
382 2210 501 2279 [De
540 2211 925 2263 mulieribus
967 2211 1348 2277 sterilibus]
1406 2209 1462 2263 Si
1497 2210 1589 2264 Sol
1628 2215 1680 2263 et
1712 2211 1863 2263 Luna
1902 2211 1959 2262 in

270 2285 578 2338 masculinis
619 2285 787 2355 signis
826 2286 882 2337 in
913 2284 1212 2354 horoscopo
1247 2285 1368 2353 sint,
1410 2283 1668 2337 Saturnus
1707 2303 1833 2337 vero
1866 2287 1959 2336 aut

270 2359 327 2410 in
382 2376 570 2410 occasu
619 2359 688 2410 sit
733 2362 825 2411 aut
872 2359 928 2410 in
974 2358 1138 2427 IMQ,
1192 2360 1440 2411 mulieres
1494 2359 1634 2410 filios
1684 2377 1793 2411 non
1839 2375 1955 2426 pro-

272 2432 550 2500 creabunt,
594 2433 907 2500 praesertim
948 2433 991 2484 si
1030 2434 1359 2500 horoscopus
1406 2433 1457 2484 in
1499 2432 1677 2485 Leone
1716 2432 1800 2484 vel
1838 2431 1958 2483 Vir-

272 2507 395 2575 gine
435 2506 520 2557 vel
559 2506 612 2557 in
649 2505 970 2575 Capricorno
1009 2507 1170 2558 fuerit
1211 2508 1458 2558 inventus
1499 2510 1590 2558 aut
1630 2507 1686 2558 in
1717 2505 1956 2557 Piscibus
1983 2526 2026 2556 30

273 2582 365 2631 aut
403 2580 459 2631 in
494 2578 783 2647 Scorpione
822 2583 914 2632 aut
953 2584 1007 2631 in
1042 2579 1244 2633 Cancro
1284 2580 1370 2632 vel
1409 2581 1465 2632 in
1496 2580 1685 2632 Tauro.
1745 2579 1803 2631 81
1834 2597 1958 2631 vero

392 2743 418 2780 4
452 2739 513 2781 sit
545 2739 611 2783 sic
643 2745 697 2781 W
847 2745 872 2783 8
904 2740 1048 2796 totas]
1079 2741 1173 2783 scil.
1209 2739 1367 2783 stellas
1513 2745 1564 2783 11
1600 2740 1706 2782 add.
1732 2743 1786 2780 W
1815 2753 1959 2794 supra

276 2798 354 2840 lin.
481 2803 532 2840 12
567 2799 656 2854 leqe
684 2799 883 2842 Mercuri
1006 2803 1059 2841 14
1093 2800 1174 2841 aut
1206 2801 1284 2843 alt.
1310 2799 1382 2856 W]
1416 2798 1489 2843 vel
1519 2803 1558 2840 N
1678 2802 1733 2840 22
1765 2797 1868 2840 istis
1900 2797 1956 2854 N]

274 2856 346 2897 his
379 2861 433 2898 W
584 2862 636 2899 27
672 2858 767 2901 sint
797 2859 846 2901 in
877 2858 974 2901 hor.
1009 2871 1032 2900 6
1183 2862 1237 2901 29
1272 2858 1311 2900 si
1342 2858 1390 2900 in
1422 2858 1689 2912 horoscopo,
1729 2856 1778 2898 in
1809 2856 1957 2910 leone,

275 2914 347 2957 vel
380 2915 426 2956 in
458 2915 638 2971 virgine
670 2922 724 2958 W
846 2921 900 2960 30
933 2916 1065 2959 Pisce
1097 2931 1208 2960 corr.
1243 2930 1266 2959 σ
1397 2921 1450 2959 31
1485 2918 1567 2959 aut
1598 2916 1645 2958 in
1676 2917 1810 2958 tauro
1842 2919 1880 2956 N
