2100 3186
772 127 858 172 Vn
890 132 959 182 10,
984 134 1137 184 2—11‚
1162 141 1196 174 a.
1717 127 1823 180 237

134 249 479 303 facultatibus
510 252 823 302 reservatur.
901 248 1020 303 Hoc
1050 249 1191 303 idem
1223 249 1280 301 in
1310 253 1550 302 materna
1581 249 1828 320 genitura

134 324 211 377 sic
250 323 426 393 posita
462 322 616 375 Luna
653 324 907 393 perficiet.

136 471 226 525 XI.
246 471 367 542 [DE
393 469 513 524 HIS
531 469 658 533 QUI
681 469 931 524 MORTE
957 470 1209 524 PAREN
1211 470 1368 524 TUM
1386 469 1824 541 ORBANTUR]

248 574 382 628 Cum
437 574 555 627 VII.
611 575 676 627 ab
733 573 1032 642 horoscopo
1093 575 1244 628 locus
1299 575 1356 627 in
1409 574 1609 643 duplici
1672 575 1825 645 signo
1855 574 1882 625 1

91 672 109 703 5
135 650 296 702 fuerit
357 650 604 702 inventus
672 647 788 719 (sed
843 648 1146 718 duplicibus
1201 648 1369 718 signis
1424 650 1586 701 etiam
1635 647 1827 700 Librae

135 725 347 792 signum
398 721 666 792 addetur),
711 722 895 775 Venus
949 741 1073 775 vero
1128 723 1185 775 in
1233 740 1567 792 quocumque
1614 722 1828 775 cardine

134 797 296 851 fuerit
343 797 581 866 inventa,
629 798 886 865 separatis
934 797 1156 850 discidio
1208 797 1518 866 parentibus
1574 797 1674 849 soli
1727 796 1827 848 filii

133 873 521 940 relinquuntur.
594 870 698 924 Sed
751 875 804 923 et
851 872 897 923 si
952 871 1148 941 duplex
1202 871 1417 941 signum
1472 871 1718 924 similiter
1772 871 1827 922 in

135 964 325 999 occasu
363 946 540 1013 fuerit,
580 948 632 997 et
670 945 999 1014 horoscopus
1039 947 1096 998 in
1136 945 1360 1014 duplici,
1401 943 1663 998 Saturnus
1703 963 1826 998 vero

69 1043 110 1073 10
135 1021 206 1073 sit
244 1020 299 1072 in
339 1019 520 1088 aliquo
561 1020 772 1072 cardine
813 1020 1154 1088 constitutus,
1195 1019 1286 1072 Sol
1324 1037 1448 1072 vero
1489 1023 1542 1072 et
1581 1019 1733 1071 Luna
1771 1019 1829 1071 in

133 1094 506 1147 malivolarum
547 1093 822 1147 stellarum
863 1094 1030 1164 signis
1070 1094 1350 1147 constituti
1380 1095 1438 1146 in
1469 1094 1686 1146 deiectis
1720 1095 1828 1146 sint

133 1169 266 1221 locis
306 1168 372 1221 ab
412 1168 716 1236 horoscopo
756 1169 943 1237 positi,
991 1168 1148 1235 ambo
1198 1172 1444 1237 parentes
1485 1169 1604 1221 citis
1644 1168 1828 1220 morti-

134 1244 233 1295 bus
289 1243 599 1295 interibunt.
678 1241 736 1294 Si
789 1260 914 1294 vero
971 1241 1064 1294 Sol
1127 1242 1271 1295 solus
1335 1243 1409 1295 sic
1470 1243 1633 1294 fuerit
1688 1241 1878 1294 sicut?

135 1317 367 1369 diximus
412 1317 646 1386 positus,
692 1315 838 1368 solus
884 1320 1035 1384 pater
1079 1316 1342 1385 interibit3
1398 1317 1443 1369 si
1488 1335 1613 1369 vero
1662 1316 1828 1386 Luna,

68 1413 108 1445 15
134 1394 314 1444 mater.
394 1389 498 1443 Sed
551 1391 607 1443 hi
647 1408 797 1443 casus
836 1409 1006 1459 usque
1045 1391 1111 1442 ad
1150 1390 1265 1442 XV.
1307 1394 1360 1442 et
1399 1389 1541 1444 XVI.
1597 1409 1796 1443 annum
1815 1401 2011 1446 sol-94²'H

134 1465 491 1518 inveniuntur.
570 1464 718 1517 Intra
770 1465 874 1518 1100
919 1470 1130 1534 tempus
1182 1466 1259 1518 sic
1315 1465 1589 1518 ordinatae
1644 1465 1828 1517 steHae

134 1541 272 1592 sicut
319 1539 573 1606 diximUS,
627 1543 909 1607 parentum
955 1539 1111 1592 nobis
1162 1540 1411 1591 nuntiant
1449 1542 1663 1592 mortes.
1740 1538 1828 1591 In-

134 1615 312 1666 venies
360 1618 537 1666 autem
584 1616 798 1682 tempus
846 1613 1103 1666 mortium
1152 1631 1272 1667 cum
1323 1612 1584 1666 Saturnus
1623 1617 1829 1682 tempo-

133 1690 259 1740 ralis
300 1683 366 1740 ad
404 1688 534 1740 haec
565 1687 769 1740 venerit
806 1687 939 1756 loca,
981 1706 1116 1757 quae
1155 1689 1208 1740 in
1242 1688 1582 1756 praecedenti
1618 1687 1829 1740 demon-

68 1784 109 1815 20
135 1764 393 1815 stratione
434 1764 776 1831 signavimus.
855 1760 960 1814 Sed
1006 1765 1058 1814 et
1106 1762 1151 1814 si
1199 1762 1255 1814 in
1302 1762 1606 1831 duplicibus
1659 1761 1878 1832 signis3

134 1836 373 1889 cardines
412 1835 627 1903 fuerint,
666 1838 719 1887 et
759 1834 853 1888 Sol
893 1840 945 1888 et
984 1835 1135 1888 Luna
1174 1836 1231 1888 in
1271 1853 1460 1889 occasu
1498 1837 1585 1888 vel
1626 1835 1682 1887 in
1712 1835 1825 1888 MC.

134 1911 349 1978 fuerint,
388 1910 634 1962 dominus
674 1910 834 1962 etiam
874 1911 1151 1980 geniturae
1190 1914 1283 1963 aut
1321 1912 1377 1962 in
1410 1928 1601 1965 occasu
1635 1911 1706 1962 sit
1738 1914 1829 1962 aut

136 1986 192 2036 in
230 1983 388 2053 IMC.7
427 1988 671 2052 parentes
713 1985 767 2035 in
807 1984 982 2052 prima
1018 1984 1254 2036 filiorum
1295 1988 1466 2036 aetate
1513 1985 1827 2036 moriuntur.

138 2057 195 2110 Si
249 2057 362 2110 MC.
418 2059 473 2110 in
528 2059 680 2127 signo
736 2058 1031 2110 masculino
1083 2058 1243 2110 fuerit
1297 2059 1597 2126 inventum,
1658 2063 1829 2110 mater

69 2153 111 2184 25
138 2132 250 2184 eius
291 2133 566 2202 geniturae
606 2132 738 2184 duos
778 2131 996 2185 maritos
1037 2132 1271 2200 sortitur,
1311 2133 1388 2183 ita
1426 2136 1486 2184 ut
1524 2132 1612 2184 hic
1650 2133 1713 2184 de
1752 2150 1828 2184 se-

138 2206 311 2259 cundo
361 2206 430 2258 sit
476 2207 667 2258 marito
715 2210 897 2274 natus3
946 2206 992 2257 si
1038 2224 1163 2258 vero
1209 2206 1265 2258 in
1311 2207 1593 2273 femininO,
1642 2207 1704 2258 de
1752 2223 1826 2258 se-

139 2280 308 2332 cunda
345 2283 593 2332 nascetur
630 2298 808 2347 uxore,
848 2280 1162 2348 praesertim
1201 2282 1242 2333 si
1278 2278 1393 2333 MC.
1427 2281 1482 2332 in
1523 2280 1826 2349 duplicibus

137 2355 222 2406 vel
262 2355 314 2406 in
345 2353 566 2422 tropicis
606 2354 773 2423 signis
805 2353 970 2407 fuerit
1001 2355 1291 2406 inventum.

258 2518 282 2557 3
317 2516 474 2557 lemma
507 2528 589 2558 om.
622 2518 661 2556 N
714 2513 782 2558 De
823 2514 1020 2558 discidio
1061 2516 1108 2558 et
1147 2514 1241 2558 cita
1275 2517 1423 2558 morte
1455 2518 1702 2571 parentum
1734 2519 1768 2556 D

139 2578 164 2616 5
198 2574 340 2616 etiam
372 2572 540 2616 Librae
577 2573 637 2631 Γ]
675 2575 721 2617 et
752 2573 911 2617 Lunae
944 2577 982 2617 A
1122 2579 1147 2616 6
1181 2574 1381 2617 addatur
1412 2590 1438 2616 a.
1576 2579 1599 2615 7
1633 2574 1828 2617 dissidio

138 2636 216 2674 BG
340 2636 392 2675 13
426 2632 550 2675 solus
584 2632 705 2676 sicut
737 2632 938 2676 diximus
970 2633 1112 2676 fuerit
1143 2636 1182 2676 A
1309 2638 1362 2676 15
1395 2633 1445 2675 hi
1477 2634 1522 2690 a]
1556 2633 1632 2676 hic
1661 2635 1665 2688 Ι
1695 2646 1828 2676 casus

140 2692 200 2749 A]
240 2705 379 2735 ausus
417 2694 462 2734 Γ
609 2697 662 2735 16
707 2691 942 2735 invenitur
971 2697 1010 2735 N
1055 2692 1324 2736 inveniatur
1354 2697 1389 2734 D
1447 2695 1452 2748 Ι
1510 2692 1691 2736 orditae
1729 2694 1775 2735 Γ

141 2755 194 2795 17
228 2751 437 2806 parentis
474 2753 520 2794 Γ
572 2755 575 2804 l
634 2751 821 2794 nuntiat
856 2753 903 2794 Γ
1050 2756 1104 2795 18
1137 2752 1333 2795 motium
1366 2755 1398 2793 B
1430 2754 1641 2794 motuum
1673 2755 1709 2792 A

142 2815 194 2853 19
229 2809 624 2854 demonstratione
656 2824 739 2855 om.
766 2812 804 2853 Δ
941 2814 996 2854 20
1029 2812 1076 2854 et
1107 2825 1190 2855 om.
1216 2814 1255 2853 A
1388 2816 1440 2854 21
1475 2810 1650 2852 fuerint
1681 2810 1828 2853 cardi-

139 2883 219 2913 nes
245 2872 283 2912 A
344 2872 348 2925 Ι
405 2868 525 2913 IMC.
551 2872 591 2913 A
715 2874 771 2912 24
802 2867 899 2912 MC.
925 2870 1111 2927 signum
1143 2869 1451 2913 masculinum
1485 2869 1515 2912 f.
1549 2869 1761 2913 inventus
1788 2872 1825 2912 A

200 2933 254 2972 25
288 2928 507 2972 sortietur
543 2931 588 2972 Γ
703 2933 757 2971 27
791 2943 953 2972 uxores
988 2932 1026 2972 A
1151 2933 1206 2971 28
1239 2929 1455 2972 inventus
1488 2933 1610 2970 BDG
