2066 3192
262 135 366 188 108
990 133 1220 180 FIRMIOI

367 255 687 326 [Iuppiter
733 259 793 310 et
831 255 1045 309 Venus
1093 256 1428 325 diametri]
1500 255 1557 308 Si
1602 255 1845 326 Iuppiter
1892 261 1945 310 et

254 330 437 383 Venus
485 331 743 383 diametra
788 349 843 382 se
889 330 1183 383 radiatione
1228 329 1581 400 respexerint,
1631 333 1684 382 et
1729 331 1786 383 in
1825 348 1943 384 con-

254 405 433 457 trariis
474 405 754 458 constituti
792 405 924 457 locis
963 405 1127 475 longa
1167 421 1222 456 se
1261 403 1490 457 invicem
1524 404 1796 457 radiorum
1827 423 1946 459 suo-

253 498 372 531 rum
422 481 688 548 potestate
734 479 1088 547 pulsaverint,
1140 497 1323 531 omnes
1372 478 1687 548 proficiendi
1734 479 1946 532 ordines

254 556 307 605 et
360 571 514 606 omne
569 553 924 621 promotionis
974 556 1162 605 votum
1216 553 1480 621 inpugnat
1539 553 1643 605 ista
1703 553 1944 607 radiatio,
1991 575 2011 608 5

201 626 237 679 4
255 626 359 680 Sed
409 644 508 680 nec
562 627 846 696 aliquando
897 627 1032 680 fidos
1083 628 1374 680 amicorum
1425 627 1659 680 decernit
1709 627 1944 693 affectuS,

68 711 263 756 fol-73²'H
285 701 376 754 sed
423 719 512 754 eos
558 701 716 754 amici
764 701 1002 754 subdolis
1050 704 1104 754 et
1149 701 1327 754 infidis
1371 701 1789 772 cogitationibus
1828 721 1942 771 per-

254 778 558 845 sequentur,
611 794 707 828 nec
762 775 899 827 veris
955 793 1044 828 eos
1099 775 1384 844 aliquando
1437 776 1628 828 volunt
1676 779 1944 845 appellare

253 850 601 917 sermonibus,
653 850 743 903 sed
794 852 1057 903 conantur
1108 867 1196 902 eos
1248 849 1487 919 captiosa
1537 869 1746 918 semper
1791 850 1942 904 dissi-

252 924 546 976 mulatione
596 924 862 993 decipere,
916 923 1061 976 aliud
1115 924 1384 976 malitiosa
1437 924 1760 994 cogitatione
1810 928 1943 977 trac-
1968 948 2010 980 ιο

253 1001 451 1067 tantes,
491 1001 543 1051 et
583 997 730 1050 aliud
767 998 893 1050 ficta
933 998 1191 1050 sermonis
1230 998 1471 1051 bonitate
1512 998 1761 1052 dicentes
1839 997 1944 1052 Sed

254 1075 308 1125 et
346 1073 504 1125 amici
544 1072 800 1142 gravibus
842 1072 1178 1125 simultatum
1216 1072 1676 1143 indignationibus
1716 1073 1942 1141 incitati,

250 1146 398 1199 vario
454 1150 641 1200 contra
695 1147 818 1199 illos
872 1165 1064 1217 genere
1119 1147 1464 1199 dissensionis
1519 1147 1826 1218 insurgunt,
1890 1150 1942 1200 et

251 1221 564 1290 cuicumque
611 1220 846 1290 aliquam
892 1221 1273 1274 beneficiorum
1325 1221 1650 1274 contulerint
1698 1222 1940 1292 gratiam,

251 1295 432 1348 statim
479 1295 536 1348 hi
574 1295 678 1364 ipsi
718 1298 903 1348 contra
942 1296 1065 1348 illos
1104 1295 1358 1366 gravibus
1398 1295 1798 1348 inimicitiarum
1839 1297 1940 1348 dis·
1968 1319 2007 1352 ιι

251 1369 585 1422 sensionibus
642 1370 933 1439 eriguntur,
989 1372 1041 1423 et
1095 1370 1410 1439 cuicumque
1465 1369 1668 1438 aliquid
1721 1371 1940 1439 propria

248 1443 569 1497 liberalitate
617 1444 963 1511 contulerint,
1010 1445 1305 1497 contrariae
1352 1444 1460 1497 illis
1509 1445 1573 1497 ab
1612 1445 1696 1497 his
1736 1463 1941 1512 semper

198 1516 231 1569 5
249 1519 452 1589 gratiae
499 1518 875 1587 rependuntur.
951 1517 1245 1571 Habebunt
1290 1520 1466 1571 tamen
1518 1519 1574 1570 in
1621 1518 1939 1587 quibusdam

250 1593 482 1644 maxima
534 1591 809 1645 felicitatis
863 1596 1162 1663 augmenta.
1239 1592 1531 1645 Habebunt
1582 1593 1742 1644 etiam
1793 1593 1938 1645 suffi-

250 1667 448 1719 cientes
499 1667 811 1735 patrimonii
860 1667 1156 1720 facultates.
1235 1666 1436 1729 Quodsi
1482 1667 1540 1719 in
1589 1667 1788 1719 finibus
1836 1666 1937 1720 Ve-
1963 1690 2006 1722 20

247 1741 389 1794 neris
443 1739 687 1810 Iuppiter
739 1741 902 1794 fuerit
955 1742 1228 1807 inventUS,
1291 1741 1598 1809 cupiditatis
1652 1759 1936 1810 prosperos

248 1815 523 1868 habebunt
572 1833 779 1883 semper
828 1818 1062 1885 eventus,
1118 1815 1208 1867 sed
1261 1816 1400 1869 circa
1454 1815 1670 1883 nuptias
1722 1815 1933 1884 quidem

248 1908 522 1957 nunquam
561 1889 729 1942 firmis
771 1889 1045 1942 affectibus
1085 1892 1436 1958 perseverant,

361 1962 678 2032 [Iuppiter
717 1966 776 2016 et
816 1963 1167 2017 Mercurius
1209 1963 1541 2033 diametri]
1600 1962 1657 2015 Si
1695 1961 1937 2032 Iuppiter

250 2041 302 2090 et
340 2037 633 2090 Mercurius
674 2038 930 2091 diametra
970 2057 1023 2091 se
1063 2038 1357 2090 radiatione
1397 2038 1750 2106 respexerint,
1790 2041 1842 2089 et
1881 2038 1938 2090 in
1961 2059 2002 2093 25

367 2202 394 2240 4
435 2201 536 2252 171,
562 2201 622 2242 36
662 2198 711 2242 ἐν
751 2205 852 2248 ταῖς
893 2206 976 2242 τοῦ
998 2196 1121 2272 βίου
1161 2206 1422 2254 προκοπαῖς
1461 2200 1514 2242 οὐ
1548 2196 1710 2242 καλόν·
1754 2197 1936 2248 τούτοις

250 2255 301 2300 δὲ
335 2257 490 2309 οὐδεὶς
522 2254 654 2312 φίλος
685 2257 880 2334 ἀληθᾨς,
913 2255 1011 2302 ἀλλ’
1049 2260 1138 2315 (10)
1181 2257 1312 2313 ἕτερα
1353 2257 1435 2314 μὲν
1466 2257 1672 2315 λέγοντες
1712 2256 1843 2313 ἕτερα
1882 2257 1934 2302 δὲ

251 2316 683 2374 βυσσοδομεύοντες,
725 2317 770 2370 ἐξ
811 2335 875 2361 ων
911 2318 992 2361 καὶ
1025 2316 1339 2362 ἐπανάστασιν
1371 2317 1522 2370 ἕξουσι
1554 2319 1644 2374 (17)
1677 2317 1757 2360 καὶ
1788 2316 1934 2367 κακὰς

251 2375 450 2433 ἀμοιβὰς
489 2374 538 2418 ἐκ
577 2377 753 2419 τούτων
797 2376 1145 2433 ἀντιλήψονται.
1209 2378 1258 2421 ἐν
1298 2376 1452 2428 ἄλλοις
1484 2375 1534 2421 δὲ
1566 2375 1830 2432 πράγμασιν
1862 2376 1930 2420 εὐ-

250 2441 403 2507 τυχεῖς
435 2434 618 2479 ἔσονται
650 2435 729 2478 καὶ
762 2434 865 2493 βίον
900 2434 1079 2488 ἕξουσιν
1113 2435 1297 2479 ἱκανόν·
1343 2437 1422 2479 καὶ
1453 2436 1569 2491 πρὸς
1601 2434 1683 2491 μὲν
1714 2435 1796 2485 τὰς
1827 2452 1933 2492 γνη-

251 2491 352 2545 σιας
383 2493 582 2550 γαμετὰς
614 2493 817 2548 ἄστατοι,
850 2496 900 2538 ἐν
932 2493 983 2538 δὲ
1017 2494 1276 2550 ἀλλοτρίαις
1308 2493 1480 2550 μίξεσιν
1514 2492 1831 2539 ἐπιτευκτικοί.

369 2645 394 2683 6
428 2641 585 2695 aliquo
610 2642 746 2685 modo
780 2645 818 2685 Δ
930 2647 952 2684 7
992 2642 1130 2686 amici
1155 2642 1277 2701 AD2]
1303 2643 1464 2686 amicis
1494 2647 1499 2697 Ι
1526 2643 1867 2699 persequuntur
1891 2645 1931 2685 Δ

251 2705 276 2743 8
311 2699 562 2756 aliquando
592 2702 637 2759 a]
671 2701 751 2769 qui
784 2701 968 2757 quando
998 2704 1043 2745 Γ
1069 2702 1255 2770 quando
1288 2704 1327 2745 Δ
1451 2707 1474 2744 9
1510 2702 1720 2758 captiosa
1744 2702 1790 2759 κ]
1826 2715 1932 2757 cap-

251 2758 347 2802 tiva
500 2764 552 2802 12
592 2760 732 2804 amici
764 2762 845 2805 del.
881 2774 906 2803 σ
1058 2765 1109 2802 13
1143 2761 1293 2804 varios
1329 2763 1375 2804 Γ
1426 2762 1431 2818 Ι
1488 2761 1741 2817 infungunt
1773 2763 1811 2803 A

252 2823 305 2860 14
339 2818 588 2862 contulerit
618 2822 702 2866 AB
856 2824 908 2862 17
941 2819 1159 2863 libertate
1191 2819 1440 2864 contulerit
1471 2823 1510 2863 A
1569 2822 1574 2876 Ι
1631 2820 1722 2862 hiis
1755 2822 1794 2862 A
1827 2833 1931 2864 con-

247 2883 420 2921 stanter
449 2878 541 2931 fere
674 2882 726 2920 21
762 2878 1035 2934 cupiditatis
1067 2880 1172 2937 AG]
1206 2879 1545 2935 cupiditatibus
1582 2881 1628 2922 Γ
1654 2878 1719 2935 (in
1751 2877 1930 2934 cupidi-

249 2936 426 2979 tatibus
460 2938 503 2993 a)
625 2942 678 2980 22
713 2937 902 2993 quidam
934 2951 1044 2993 corr.
1078 2954 1105 2980 κ
