2066 3192
284 128 356 180 34
1009 125 1238 169 FIRMICI

280 247 642 316 perseverabit
692 265 843 314 uxor,
894 263 992 298 nec
1041 246 1326 314 aliquando
1369 239 1464 298 eos
1511 246 1566 297 in
1612 245 1800 314 primis
1847 262 1968 298 con-

279 322 539 375 tractibus
592 338 816 390 prosper
871 319 1112 388 sequitur
1165 322 1397 372 eventus.
1484 317 1547 372 In
1601 320 1774 388 prima
1827 319 1967 372 enim

279 396 392 448 vita
438 394 780 448 inferioribus
826 393 1140 446 mulieribus
1188 397 1280 444 aut
1327 393 1678 464 degeneribus
1728 393 1969 462 quolibet

279 487 470 540 genere
521 468 852 537 copulantur,
907 467 998 520 sed
1048 467 1144 519 has
1199 467 1408 519 easdem
1462 471 1648 536 postea
1702 466 1968 520 constanti

280 543 476 597 iudicio
531 543 725 595 mentis
780 541 1083 594 excludunt.
1162 539 1362 604 Quodsi
1415 541 1472 593 in
1523 541 1626 595 hoc
1681 542 1836 611 signo
1878 539 1969 593 Sa·
1994 554 2034 594 '5

278 621 469 670 turnus
522 617 731 686 positus
786 619 879 668 aut
928 634 1107 668 secum
1153 615 1400 667 habuerit
1437 614 1661 684 Lunam,
1714 618 1807 668 aut
1851 633 1967 668 eam

189 718 193 720 ·
278 692 405 744 forti
459 691 753 744 radiatione
798 691 1110 759 respexerit,
1162 690 1304 741 filios
1352 689 1657 759 denegabit,
1713 692 1765 740 et
1811 692 1967 741 erunt

193 988 257 1040 17

192 1877 258 1930 18

279 765 458 835 aliqua
512 765 705 819 coloris
759 764 1017 817 foeditate·
1069 764 1358 833 deformeS,
1411 764 1554 834 nigri
1607 764 1748 816 fellis
1803 764 1967 816 abun-

278 839 460 892 dantia
501 839 739 907 colorati,
785 841 838 890 et
883 857 914 891 a
958 839 1114 908 nigro
1160 838 1286 891 felle
1332 837 1543 890 assidua
1594 837 1965 890 contrahentes

277 914 627 968 incommoda.
701 912 1141 982 Desperabuntur
1181 931 1304 965 sane
1343 913 1401 964 in
1439 911 1877 982 aegritudinibUS,
1915 914 1969 964 et
1992 932 2034 965 10

277 992 401 1056 post
440 987 800 1057 aegritudines
841 986 1060 1039 difficile
1099 987 1490 1041 convalescunt.
1565 986 1741 1038 Erunt
1789 985 1966 1038 animo

279 1063 546 1131 simplices
586 1061 807 1113 humani
846 1061 1237 1130 misericordeS,
1285 1060 1483 1113 alienas
1532 1060 1806 1130 angustias
1846 1060 1967 1113 sub-

277 1137 529 1206 levantes,
585 1136 936 1204 suscipientes
991 1135 1162 1187 aliena
1214 1135 1551 1203 patrimonia,
1604 1134 1728 1203 (et)
1767 1152 1831 1185 ex
1881 1133 1966 1185 his

277 1210 532 1264 habentes
573 1211 712 1263 vitae
753 1210 1003 1263 subsidia.
1081 1209 1257 1261 Erunt
1297 1209 1458 1261 etiam
1498 1209 1794 1261 alienorum
1833 1207 1966 1260 filio-

276 1304 393 1338 rum
448 1288 653 1354 patres,
706 1283 981 1336 habebunt
1035 1284 1292 1336 absconsa
1347 1283 1499 1351 vitia,
1555 1286 1608 1335 et
1661 1282 1756 1335 tali
1811 1284 1965 1334 erunt
1991 1301 2032 1335 15

277 1359 507 1428 praediti
555 1359 836 1428 dignitate,
887 1361 949 1410 ut
994 1360 1046 1409 et
1085 1359 1311 1410 fratrum
1352 1375 1568 1410 suorum
1610 1356 1813 1409 domini
1853 1373 1966 1409 esse

277 1433 567 1486 videantur.
646 1432 822 1485 Erunt
862 1450 986 1485 sane
1024 1431 1319 1501 locupletes
1360 1435 1412 1484 et
1450 1431 1740 1499 pecuniosi,
1779 1430 1965 1483 multis

278 1526 340 1561 ac
385 1507 696 1576 potentibus
743 1507 870 1559 viris
916 1506 1047 1575 noti,
1098 1506 1238 1558 tardi
1284 1506 1341 1557 in
1381 1505 1627 1558 omnibus
1668 1505 1873 1557 actibus
1914 1507 1966 1557 et

278 1581 370 1650 qui
416 1582 590 1634 nolint
637 1580 742 1633 cito
790 1580 1021 1649 publicis
1078 1579 1517 1649 occupationibus
1565 1579 1843 1647 applicari,
1898 1578 1963 1630 ab

278 1656 423 1708 omni
455 1655 672 1708 servitio
706 1653 951 1723 separati,
983 1658 1035 1706 et
1066 1654 1280 1707 honesti
1311 1671 1372 1705 ac
1404 1653 1570 1706 divini
1603 1653 1765 1705 animi
1794 1652 1965 1721 splen-
1990 1673 2032 1705 20

277 1730 495 1782 doribus
544 1730 785 1782 adornati
837 1729 1001 1781 vitam
1041 1747 1191 1781 suam
1238 1728 1509 1797 prosperis
1559 1745 1767 1796 semper
1805 1726 1964 1779 ratio-

276 1803 432 1856 nibus
473 1805 680 1874 degant.

391 1877 726 1947 [Saturnus
781 1878 847 1928 in
902 1876 1145 1944 Leone]
1225 1875 1557 1944 Quicumque
1610 1876 1664 1928 in
1721 1875 1965 1944 genitura

279 1950 567 2004 Saturnum
609 1952 661 2003 in
695 1951 871 2003 Leone
911 1950 1209 2018 habuerint,
1249 1949 1458 2002 assidua
1496 1949 1853 2017 pulsabuntur
1889 1949 1964 2000 in-

221 2040 230 2058 *
275 2026 432 2079 vidia.
509 2025 570 2077 In
610 2026 797 2094 primis
839 2025 1026 2077 aetatis
1068 2025 1218 2077 annis
1258 2024 1394 2076 vires
1433 2023 1718 2076 habebunt.
1796 2022 1963 2075 Inter·
1989 2041 2029 2075 25

278 2100 403 2151 dum
445 2101 601 2152 claris
642 2103 695 2152 et
733 2099 982 2169 gloriosis
1023 2098 1228 2150 actibus
1269 2098 1539 2165 destinati,
1589 2097 1686 2166 [et]
1727 2115 1790 2148 ex
1830 2096 1962 2165 ipsis

278 2173 483 2227 actibus
523 2174 754 2226 maxima
794 2176 1197 2242 consequentur,
1222 2172 1467 2241 insignia,
1507 2174 1559 2223 et
1597 2171 1860 2223 maximae
1891 2170 1962 2222 fe-

277 2247 494 2301 licitatis
543 2251 852 2300 ornamenta
898 2246 1214 2315 percipiunt.
1291 2245 1564 2298 Interdum
1610 2263 1675 2297 ex
1712 2244 1796 2296 his
1836 2245 1963 2297 acti-

277 2321 378 2373 bus
411 2322 639 2390 separati
672 2325 840 2389 erunt,
877 2321 1006 2389 quin
1038 2321 1195 2373 etiam
1231 2319 1296 2372 ab
1330 2320 1474 2372 omni
1506 2319 1962 2372 administratione

398 2457 419 2494 1
447 2451 809 2507 perseveraverit
838 2453 910 2506 ΓΙ
939 2450 1192 2506 aliquando
1229 2452 1293 2506 Γ]
1329 2449 1485 2505 aliquo
1517 2449 1654 2493 modo
1687 2452 1726 2492 Δ
1835 2453 1860 2491 2
1894 2462 1959 2492 se-

278 2512 446 2564 quetur
477 2513 516 2554 A
633 2515 657 2552 3
692 2510 890 2566 quilibet
920 2515 1044 2552 DOG
1164 2515 1190 2552 4
1224 2509 1458 2553 constanti
1490 2511 1653 2565 postea
1685 2511 1724 2552 Δ
1833 2512 1858 2550 6
1891 2520 1961 2551 se-

279 2583 382 2612 cum
413 2570 462 2627 v]
495 2570 749 2612 secundum
871 2573 895 2612 8
928 2568 1156 2613 felicitate
1189 2571 1227 2611 Δ
1352 2573 1375 2611 9
1410 2568 1595 2611 assidue
1632 2569 1678 2611 Γ
1703 2570 1831 2623 (corr.
1865 2567 1959 2624 κζ)]

278 2628 499 2671 continua
532 2631 570 2671 A
694 2634 743 2671 11
778 2629 941 2684 postea
973 2630 1012 2671 A
1138 2632 1189 2670 13
1223 2626 1330 2671 add.
1355 2629 1410 2683 ζΙ
1446 2628 1505 2671 ab
1536 2627 1609 2670 his
1646 2629 1691 2670 Γ
1806 2630 1862 2669 20
1896 2626 1957 2683 et]

276 2689 331 2730 ut
362 2701 388 2730 σ
430 2690 435 2742 Ι
480 2687 624 2731 divini
657 2689 696 2746 ζ]
732 2686 901 2731 divinis
927 2689 966 2730 A
1008 2686 1183 2729 divitiis
1214 2689 1259 2729 Γ
1288 2686 1462 2742 (divitis
1487 2688 1540 2742 A)
1576 2690 1581 2741 Ι
1618 2685 1783 2728 animis
1809 2687 1848 2728 A

279 2751 331 2788 21
367 2747 581 2789 adornati
621 2748 683 2803 Γ]
718 2745 933 2802 occupati
959 2748 996 2788 A
1120 2750 1174 2788 22
1209 2745 1382 2801 degant
1413 2748 1436 2797 ζ
1466 2745 1660 2801 (degunt
1690 2744 1754 2801 u)]
1786 2745 1962 2800 negant

283 2807 329 2848 Γ
354 2807 520 2862 regant
551 2808 589 2848 A
677 2811 752 2848 ‚23
786 2807 946 2849 lemma
970 2819 1051 2848 om.
1073 2807 1111 2847 A
1220 2809 1274 2847 25
1307 2805 1426 2847 vires
1457 2809 1707 2860 suspectum
1731 2805 1745 2859 Η
1769 2801 1962 2846 habebit

279 2866 317 2906 A
426 2869 480 2906 26
515 2866 561 2907 et
583 2865 727 2922 Aen]
761 2877 815 2907 ac
839 2868 959 2906 BGD
989 2866 994 2919 Ι
1022 2863 1235 2920 gloriosis
1266 2864 1323 2921 N]
1355 2862 1585 2918 religiosis
1614 2864 1619 2918 Ι
1648 2862 1828 2905 actibus
1860 2861 1958 2918 An]

279 2922 456 2966 artibus
485 2925 491 2978 !
519 2923 601 2967 del.
627 2940 654 2966 κ
762 2927 816 2966 29
850 2924 984 2965 erunt
1014 2927 1118 2966 ame
1151 2921 1285 2965 vacui
1312 2927 1495 2977 propter
1525 2922 1779 2966 clausulam
1811 2926 1960 2965 trans-
