2090 3198
269 125 341 177 32
345 125 376 177 8
1001 125 1230 171 FIRMICI

891 274 1088 330 xx111.
1130 274 1335 345 [mio]

221 379 248 431 1
380 378 444 432 In
490 378 529 432 Ι.
570 379 765 431 Leonis
811 383 962 447 parte
1011 380 1333 448 quicumque
1379 379 1664 432 habuerint
1709 379 1960 433 horosco-

269 472 413 522 pum,
453 456 610 505 erunt
646 454 863 506 lenones
895 471 1056 506 rauca
1095 470 1223 506 voce
1263 454 1527 523 †oriputi.
1599 453 1718 506 Hoc
1749 458 1803 506 et
1833 454 1960 522 (in)

271 528 379 580 illis
417 527 661 596 partibus
695 545 829 596 quae
862 527 919 579 in
951 545 1042 580 ore
1075 530 1200 580 sunt
1231 527 1397 581 simili
1428 527 1636 580 ratione
1668 527 1959 596 perficitur.

270 600 334 654 In
382 605 534 670 parte
572 600 641 655 II.
681 600 873 654 Leonis
915 603 1237 670 quicumque
1268 601 1552 655 habuerint
1585 602 1961 671 horoscopum,
2006 623 2026 657 5

271 679 428 728 erunt
464 693 616 745 reges
654 678 916 744 potentes
981 674 1084 728 Sed
1118 675 1597 744 quotienscumque
1637 676 1703 728 ad
1734 676 1960 729 eundem

200 764 205 767 ’
270 749 448 803 locum
479 749 625 802 Mars
665 750 870 802 venerit
908 754 1000 802 aut
1033 748 1311 816 SaturnuS,
1342 750 1527 820 gravia
1557 750 1665 802 illis
1696 749 1961 803 bellorum

270 824 560 876 certamina
599 824 948 877 concitantur.
1010 822 1075 876 In
1112 824 1214 876 hac
1250 827 1401 892 parte
1442 826 1596 876 stella
1626 823 1850 892 limpida
1881 826 1962 877 est

220 896 254 948 2
273 899 336 950 de
370 916 475 966 qua
506 897 563 949 in
593 897 1035 967 praecedentibus
1067 897 1314 950 diximus,
1367 896 1432 950 In
1463 901 1614 966 parte
1645 896 1740 950 III.
1766 897 1961 951 Leonis

272 972 594 1040 quicumque
633 971 882 1024 habuerit
919 971 1296 1040 horoscopum,
1334 972 1437 1024 erit
1475 990 1568 1025 rex
1607 971 1805 1041 duplex
1841 989 1960 1041 pos·
1986 994 2031 1027 10

271 1046 447 1099 sidens
486 1063 727 1116 regnum,
760 1046 956 1098 multas
989 1046 1289 1114 provincias
1321 1046 1539 1098 virtutis
1573 1064 1699 1098 suae
1729 1048 1961 1114 potesta-

271 1120 418 1172 tibus
466 1120 757 1173 adsocianS.
837 1118 940 1172 Sed
986 1121 1111 1189 <et>
1158 1121 1216 1172 in
1260 1120 1363 1172 hac
1407 1124 1558 1188 parte
1604 1119 1735 1173 haec
1778 1120 1962 1172 eadem

272 1196 427 1247 stella
472 1194 650 1246 radios
698 1212 822 1247 suos
863 1194 1110 1248 ostendit.
1186 1194 1251 1245 In
1290 1197 1441 1263 parte
1480 1193 1570 1247 IV.
1613 1194 1807 1246 Leonis
1849 1194 1963 1262 qui-

273 1287 497 1336 cumque
528 1268 777 1320 habuerit
805 1268 1180 1337 horoscopum,
1214 1269 1314 1320 erit
1344 1272 1580 1321 venator.
1635 1267 1701 1321 In
1722 1270 1872 1337 parte
1896 1266 1961 1320 V.

271 1342 467 1395 Leonis
516 1342 839 1410 quicumque
885 1341 1135 1395 habuerit
1181 1342 1554 1412 horoscopum,
1602 1342 1702 1395 erit
1741 1341 1962 1395 athleta·
1988 1362 2031 1396 15

272 1435 392 1468 rum
423 1416 679 1486 magister
709 1417 795 1468 vel
825 1419 1030 1469 unctor.
1091 1415 1154 1469 In
1189 1420 1341 1484 parte
1373 1415 1464 1469 VI.
1497 1416 1691 1469 Leonis
1725 1416 1963 1485 quicum-

221 1488 254 1541 3
274 1509 376 1559 que
414 1490 664 1542 habuerit
703 1490 1080 1559 horoscopum,
1127 1490 1330 1543 athleta
1375 1494 1635 1543 nascetur.
1711 1488 1774 1542 In
1813 1493 1965 1559 parte

272 1563 392 1617 VII.
418 1564 612 1617 Leonis
646 1565 968 1634 quicumque
998 1564 1249 1618 habuerit
1278 1564 1651 1634 horoscopum,
1683 1565 1784 1617 erit
1814 1566 1964 1633 hym-

271 1638 515 1709 nologus.
592 1637 655 1690 In
701 1641 850 1707 parte
899 1637 1047 1691 VIII.
1097 1638 1292 1691 Leonis
1347 1640 1668 1707 quicumque
1714 1638 1965 1690 habuerit

273 1713 650 1782 horoscopum,
682 1713 784 1765 erit
816 1731 880 1764 ex
914 1713 1144 1782 quodam
1178 1712 1404 1765 artificio
1448 1712 1619 1765 clarus
1660 1715 1712 1764 et
1750 1712 1962 1780 nobilis,
1987 1734 2031 1766 20

275 1788 319 1839 si
343 1786 622 1839 benivolae
647 1789 831 1839 stellae
858 1808 881 1834 *
903 1807 929 1836 ιιι
949 1806 975 1835 *
999 1786 1103 1838 hoc
1125 1786 1267 1839 idem
1299 1786 1537 1855 fecerint,
1570 1789 1727 1838 erunt
1758 1786 1963 1839 cinaedi

275 1864 329 1912 et
382 1861 716 1929 pantomimi,
766 1860 1016 1913 mulieres
1070 1878 1196 1912 vero
1251 1861 1555 1914 meretrices
1611 1863 1782 1928 erunt,
1829 1878 1963 1929 quae

275 1935 535 2003 pudorem
569 1953 724 1987 suum
754 1934 980 2004 passivis
1004 1934 1290 1986 libidinum
1316 1935 1810 1987 conversationibus
1841 1952 1965 1987 ven-

222 2007 417 2061 4dant.
495 2007 558 2061 In
608 2012 760 2078 parte
806 2007 896 2061 IX.
936 2008 1132 2061 Leonis
1180 2009 1501 2077 quicumque
1540 2008 1826 2061 habuerint
1871 2008 1964 2060 ho-

396 2159 420 2196 2
454 2157 588 2210 parte
620 2154 785 2197 Leonis
815 2156 854 2197 Δ
979 2159 1004 2197 3
1038 2153 1210 2209 eriputi
1233 2158 1272 2196 N
1312 2154 1465 2210 erupti
1497 2170 1524 2196 a
1564 2153 1790 2210 oriputidi
1821 2169 1848 2196 κ
1886 2166 1965 2196 ore

275 2214 403 2269 turpi
436 2228 461 2257 σ
494 2227 569 2256 ore
602 2214 729 2270 putri
761 2216 784 2266 ζ
839 2216 846 2270 Ι
904 2215 951 2256 et
986 2215 1053 2272 Γ]
1087 2228 1142 2257 ex
1173 2216 1253 2257 Δν
1311 2216 1316 2269 Ι
1375 2214 1480 2258 add.
1506 2229 1533 2255 a
1683 2217 1709 2256 5
1748 2212 1803 2256 Π.
1837 2212 1887 2256 L.
1917 2227 1964 2268 p.

280 2275 327 2316 Γ
352 2275 457 2317 item
487 2275 538 2317 in
571 2273 755 2317 decretis
779 2274 977 2317 III—X
1126 2277 1151 2316 8
1183 2272 1382 2328 limpida
1414 2275 1485 2315 est
1515 2273 1562 2330 v]
1597 2274 1667 2315 est
1698 2271 1896 2327 limpida
1926 2275 1966 2313 N

276 2331 476 2387 limpida
501 2331 640 2375 etiam
670 2334 717 2375 Γ
750 2332 918 2390 [limp.]
946 2334 992 2375 et
1014 2332 1073 2374 D¹
1105 2332 1211 2387 (hac
1243 2334 1314 2376 est
1344 2333 1477 2387 parte
1510 2331 1648 2374 stella
1677 2330 1875 2386 limpida
1908 2330 1965 2373 de

278 2404 372 2446 qua
397 2394 443 2434 et
475 2391 523 2434 in
554 2405 707 2447 praec.
733 2391 809 2446 1³²)
932 2395 955 2433 9
991 2391 1082 2435 dix.
1114 2391 1163 2434 in
1195 2404 1346 2447 praec.
1378 2393 1423 2434 Γ
1449 2390 1504 2444 cf.
1534 2395 1608 2444 69,
1633 2403 1674 2433 19
1696 2391 1782 2434 ubi
1801 2391 1967 2447 leyitur

270 2464 387 2506 pars
419 2451 468 2494 V.
624 2455 677 2492 12
712 2451 817 2494 add.
851 2467 878 2493 κ
1032 2455 1086 2493 13
1120 2450 1330 2493 extendit
1359 2467 1387 2493 κ
1540 2454 1594 2492 14
1626 2455 1667 2494 et
1700 2455 1753 2493 15
1787 2449 1964 2493 horose.

276 2509 385 2551 hab.
423 2511 469 2552 Γ
531 2511 537 2565 Ι
605 2511 780 2553 decreta
804 2510 1013 2565 partium
1044 2510 1094 2552 V.
1128 2515 1168 2553 et
1202 2510 1278 2553 VI.
1312 2511 1496 2554 invertit
1525 2513 1564 2550 N
1715 2513 1769 2552 16
1800 2509 1967 2550 unctor

283 2571 369 2611 ΓΝ
401 2569 507 2625 m9.]
540 2568 689 2611 victor
719 2573 757 2610 N
788 2570 840 2611 in
871 2573 996 2612 textu
1028 2571 1189 2611 auctor
1219 2573 1293 2610 Dv
1430 2573 1483 2610 17
1516 2567 1624 2611 hab.
1656 2566 1833 2612 horosc.
1865 2567 1964 2682 Nv}

278 2627 455 2670 horosc.
489 2627 597 2670 hab.
634 2629 718 2670 ΓΙ)
863 2631 918 2670 18
951 2627 1127 2671 horosc.
1160 2627 1266 2670 hab.
1304 2630 1351 2671 Γ
1401 2631 1406 2682 1
1463 2626 1774 2683 hymnologus
1804 2625 1946 2667 D¹Gv

279 2686 540 2742 imnologus
566 2690 603 2728 A
634 2685 925 2742 mymologus
949 2690 988 2727 N
1017 2686 1295 2742 mimologus
1319 2685 1379 2728 ΒΞ
1409 2687 1466 2740 cf.
1492 2689 1594 2739 301,
1618 2698 1640 2728 8
1772 2689 1825 2727 19
1856 2683 1963 2727 hab.

279 2745 455 2788 horosc.
488 2746 546 2802 N]
579 2745 757 2788 horosc.
790 2745 896 2788 hab.
927 2747 1011 2788 ΓΙ)
1134 2750 1186 2787 21
1221 2746 1388 2789 eaecidz‘t
1417 2746 1510 2800 fere
1541 2745 1663 2788 hunc
1694 2744 1848 2787 locum
1880 2742 1966 2785 ali-

281 2818 373 2859 qua
396 2804 658 2847 radiatione
682 2804 981 2859 respexerint.
1016 2803 1191 2855 Quodsi
1213 2804 1461 2848 malivolae
1486 2804 1649 2847 stellae
1673 2806 1698 2855 ζ
1831 2806 1885 2844 22
1920 2803 1967 2844 et

281 2877 362 2907 om.
396 2862 447 2904 A'
505 2865 512 2918 Ι
569 2866 818 2906 eruntom.
851 2861 899 2904 A'
1025 2868 1078 2905 24
1110 2864 1287 2906 horosc.
1321 2863 1427 2905 hab.
1465 2865 1512 2906 Γ
1563 2866 1568 2918 Ι
1626 2863 1800 2906 decreta
1824 2862 1905 2904 IX
1926 2864 1967 2905 et

282 2923 331 2964 X
361 2923 543 2966 invertit
573 2926 612 2963 N
