2084 3192
244 121 352 174 296
976 120 1205 166 FIRMICI

193 242 227 294 2
244 260 454 311 semper
507 242 714 295 actibus
767 241 1026 310 inplicari.
1117 240 1180 293 In
1233 240 1434 295 Arietis
1494 243 1713 295 sinistro
1766 243 1933 296 latere

247 316 418 368 oritur
455 314 678 384 Orion,
724 316 781 368 in
818 319 969 384 parte
1015 314 1218 367 Arietis
1265 316 1468 369 scilicet
1505 316 1568 369 X.
1648 316 1706 370 Si
1751 317 1933 386 itaque

247 388 414 442 Orion
459 393 552 442 aut
597 391 654 441 in
699 390 1000 458 horoscopo
1047 389 1314 458 partiliter
1358 391 1522 443 fuerit
1568 391 1761 444 autin
1801 390 1933 460 MC„

243 465 374 516 facit
413 463 656 516 homines
695 463 867 516 veloci
906 465 1140 532 corporis
1180 464 1479 516 mobilitate
1516 466 1842 534 perspicuos,
1881 469 1934 517 et

247 556 474 606 quorum
521 538 729 589 animus
775 537 936 590 variis
984 537 1435 591 sollicitudinibus
1482 539 1770 607 inplicatus
1819 558 1935 608 per·
1980 559 2000 593 5

244 612 398 683 vigili
440 611 763 681 cogitatione
803 630 1011 680 semper
1050 615 1337 664 exaestuet.
1387 611 1688 665 Variabunt
1727 631 1937 682 semper

208 742 212 745 ,
247 687 530 754 domicilia,
584 687 771 738 domus
820 686 1073 754 sedesque
1118 687 1419 754 mutabunt,
1465 690 1520 739 et
1565 705 1659 756 per
1698 688 1936 740 omnium

244 760 433 812 limina
493 760 770 812 matutinis
833 778 1039 828 semper
1100 760 1513 813 salutationibus
1566 762 1935 830 pervolabunt.

195 833 308 887 3In
364 834 564 886 Arietis
610 836 762 902 parte
808 833 924 886 XV.
981 834 1046 886 ad
1092 834 1415 902 Aquilonem
1468 853 1650 887 versus
1698 836 1937 888 exoritur

246 908 503 978 Auriga.
578 907 641 959 In
679 907 840 960 huius
880 911 1002 960 ortu
1043 910 1137 976 qui
1175 911 1334 960 natus
1381 908 1565 978 fuerit,
1612 912 1705 962 aut
1751 909 1936 979 'auriga
1961 930 2003 962 ιο

41 1032 44 1034 ,
248 983 348 1035 erit
402 985 495 1034 aut
550 981 783 1035 domitor
838 1000 1112 1051 equorum,
1166 986 1258 1034 aut
1313 984 1405 1051 qui
1459 983 1598 1036 saltu
1651 984 1936 1054 quadrigas

61 1073 128 1113 sot·
142 1068 282 1104 103011
301 1059 558 1124 transeat,
601 1060 693 1108 aut
731 1057 860 1126 <qui
898 1055 990 1124 in>
1029 1056 1187 1109 dorso
1228 1060 1372 1109 stans
1413 1075 1671 1125 equorum
1709 1057 1938 1111 mirifica

247 1149 303 1183 se
342 1130 707 1183 moderatione
756 1133 1033 1200 sustentet,
1081 1134 1240 1199 atque
1287 1131 1525 1199 adprime
1573 1150 1709 1201 equo
1748 1135 1935 1186 vectus

245 1205 505 1257 militares
530 1208 825 1257 armaturas
851 1209 1105 1258 exerceat.
1152 1204 1271 1258 Hoc
1303 1209 1446 1258 astro
1480 1206 1684 1259 oriente
1717 1209 1770 1258 et
1803 1205 1937 1258 Sal-

193 1280 506 1332 4moneus
554 1282 607 1331 et
653 1279 1135 1332 Bellerofontes
1181 1279 1295 1331 nati
1342 1297 1456 1332 esse
1500 1282 1797 1332 narrantur.
1874 1279 1935 1332 In
1960 1297 2003 1332 15

246 1352 447 1406 Arietis
493 1356 644 1422 parte
684 1352 798 1404 XX.
847 1353 913 1405 ad
951 1352 1275 1421 Aquilonem
1324 1371 1509 1407 versus
1558 1356 1728 1406 oritur
1775 1353 1937 1407 Hae-

248 1429 359 1480 dus
393 1445 550 1495 quem
581 1428 685 1479 fert
710 1426 928 1497 Auriga.
980 1427 1099 1479 Hoc
1125 1427 1292 1479 sidere
1315 1427 1590 1495 (oriente)
1615 1430 1938 1497 quicumque

245 1502 360 1554 nati
398 1501 613 1570 fuerint,
651 1501 796 1553 aliud
836 1520 900 1554 ex
938 1501 1117 1553 fronte
1154 1501 1489 1571 pollicentur,
1528 1502 1672 1554 aliud
1709 1503 1938 1554 latenter

247 1576 303 1628 in
350 1575 589 1628 moribus
639 1576 824 1627 celant.
904 1574 1041 1628 Sunt
1087 1577 1227 1627 enim
1277 1579 1487 1627 austera
1531 1576 1681 1645 facie,
1728 1577 1938 1645 prolixa

249 1650 428 1718 barba,
476 1649 744 1703 obstinata
789 1650 982 1718 fronte,
1028 1652 1090 1701 ut
1130 1648 1346 1702 Catonis
1388 1649 1642 1718 [frontem
1682 1655 1744 1702 ut
1785 1649 1936 1702 Cato·
1963 1669 2005 1701 20

247 1724 355 1793 nis]
395 1742 614 1792 prorsus
646 1724 954 1776 institutum
1000 1722 1201 1775 imitari
1239 1723 1531 1775 videantur.
1613 1723 1716 1777 Sed
1761 1727 1937 1776 totum

247 1799 351 1851 hoc
389 1798 569 1851 fucato
609 1797 943 1850 mentiuntur
981 1797 1185 1850 affectu.
1265 1797 1400 1850 Sunt
1441 1798 1582 1849 enim
1620 1802 1813 1851 natura
1851 1817 1939 1867 pe-

249 1872 500 1942 tulanteS‚
538 1872 739 1940 lascivi,
780 1890 987 1940 semper
1027 1871 1406 1924 desideriorum
1446 1872 1624 1941 pravis
1665 1891 1724 1924 ac
1762 1873 1938 1924 libidi-

248 1948 393 1998 nosis
449 1946 815 2015 voluptatibus
870 1945 1128 2014 inplicati,
1183 1948 1235 1997 et
1283 1947 1375 2014 qui
1421 1946 1650 1998 latenter
1696 1965 1935 1999 amorum

199 2019 232 2072 5
252 2020 634 2089 cupiditatibus
668 2038 877 2088 semper
908 2022 1229 2072 exaestuent.
1292 2019 1467 2072 Erunt
1499 2020 1659 2072 etiam
1692 2021 1757 2072 ab
1792 2020 1938 2072 omni
1962 2038 2004 2071 25

250 2094 463 2146 virtutis
504 2094 682 2147 officio
724 2094 968 2163 separati,
1007 2093 1183 2145 timidi
1223 2093 1515 2162 inbecilleS,
1557 2098 1610 2146 et
1651 2094 1738 2162 qui
1782 2112 1938 2146 omne

249 2187 551 2238 pugnarum
616 2168 911 2236 periculum
974 2167 1394 2236 perhorrescant.
1498 2168 1572 2220 Hi
1631 2169 1939 2236 frequenter

371 2392 395 2429 2
430 2387 610 2430 scilicet
640 2388 812 2430 Arietis
845 2390 884 2430 Δ
1015 2392 1040 2429 3
1075 2386 1217 2430 Orion
1247 2389 1305 2444 N]
1339 2386 1506 2430 Orione
1571 2389 1576 2443 Ι
1642 2388 1724 2430 aut
1754 2386 1822 2444 in]
1856 2389 1939 2430 aut

254 2449 300 2490 Γ
340 2446 388 2489 111
420 2451 458 2488 N
490 2461 571 2491 om.
605 2452 639 2488 D
720 2449 725 2499 1
804 2447 1058 2502 horoscopo
1091 2447 1148 2504 N]
1196 2446 1477 2501 horoscopus
1514 2448 1560 2489 Γ
1600 2446 1937 2501 horoscopante

249 2511 285 2548 D
319 2507 414 2561 (qui
445 2512 487 2549 et
517 2507 613 2549 alia
645 2507 707 2550 ad
738 2507 915 2549 libitum
948 2507 1154 2560 mutavit)
1228 2509 1232 2561 l
1307 2507 1389 2548 aut
1420 2505 1468 2547 in
1501 2504 1598 2548 MC.
1629 2507 1730 2562 nos]
1778 2505 1846 2547 ita
1885 2507 1937 2548 ut

250 2579 372 2607 nunc
409 2567 455 2608 Γ
495 2564 567 2608 vel
598 2565 645 2607 in
678 2565 831 2608 medio
865 2564 962 2607 celo
996 2567 1034 2607 Δ
1159 2569 1182 2606 7
1218 2565 1378 2608 domos
1410 2569 1446 2606 A
1575 2569 1600 2606 8
1632 2563 1938 2620 prevolabunt

252 2627 290 2666 A
428 2629 452 2665 9
487 2625 633 2666 oritur
657 2624 705 2665 A'
838 2628 890 2666 12
926 2623 1006 2679 qui
1038 2624 1143 2668 add.
1177 2628 1216 2665 N
1262 2623 1310 2666 in
1344 2624 1449 2667 add.
1483 2639 1510 2665 a
1645 2629 1696 2666 15
1732 2623 1935 2666 Belloro-

251 2684 448 2738 phontes
481 2685 519 2725 A
570 2682 901 2726 Bellerofontes
936 2687 970 2723 G
1093 2688 1146 2726 16
1181 2683 1293 2726 edus
1318 2683 1442 2726 codd.
1578 2686 1632 2724 17
1666 2683 1769 2725 add.
1796 2685 1821 2733 ζ

252 2746 307 2783 20
341 2741 563 2785 Cathonis
587 2746 624 2783 A
649 2743 749 2798 (bis)
775 2746 816 2785 et
838 2746 876 2782 N
933 2744 938 2796 Ι
996 2743 1078 2785 del.
1105 2757 1132 2783 a
1164 2743 1233 2796 (ut
1256 2742 1312 2799 A]
1347 2743 1428 2784 aut
1453 2743 1540 2795 Gv)
1572 2741 1771 2784 frontem
1796 2743 1843 2784 et
1866 2740 1935 2782 in-

254 2800 469 2843 stitutum
501 2814 687 2856 prorsus
715 2801 891 2843 imitari
915 2803 954 2843 A
1078 2805 1131 2842 23
1166 2800 1499 2843 desideriorum
1528 2801 1594 2857 Γ]
1628 2799 1868 2842 desideriis
1893 2802 1933 2842 A

314 2865 367 2901 24
399 2859 655 2902 latentibus
688 2862 714 2902 ic
859 2864 911 2902 25
946 2859 1086 2901 etiam
1122 2859 1188 2916 Γ]
1221 2861 1268 2902 et
1299 2864 1333 2901 D
1370 2873 1458 2914 que
1489 2864 1528 2901 N
1668 2863 1720 2900 27
1755 2858 1933 2914 pericu-

251 2917 349 2960 lum
385 2921 448 2974 Γ]
481 2919 709 2974 proelium
741 2921 779 2961 A
