2078 3174
215 168 241 219 1
250 167 322 220 84
946 166 1175 211 FIRMICI

121 288 194 341 33
327 287 436 357 [De
475 287 616 340 loco
655 287 988 358 filiorum]
1031 288 1234 342 Locum
1264 289 1421 342 nobis
1453 289 1688 342 filiorum
1722 289 1906 343 Venus

213 365 267 415 et
314 361 611 414 Mercurius
652 380 862 431 semper
913 363 1216 415 ostendunt.
1294 361 1627 432 Quicumque
1665 363 1906 432 ipsorum

213 437 363 505 prior
408 435 464 488 in
512 436 759 505 genitura
806 437 876 488 sit
921 438 1155 506 positus,
1207 436 1272 488 ab
1325 455 1386 490 60
1434 437 1690 490 inchoans
1737 456 1905 507 usque

213 509 280 561 ad
331 509 497 562 alium
550 510 889 579 conputabis‚
946 514 997 563 et
1053 512 1327 563 collectam
1381 512 1621 564 omnium
1671 512 1905 579 partium

214 601 476 636 summam
531 583 597 636 ab
653 583 952 653 horoscopo
1008 583 1266 637 inchoans
1328 584 1496 655 signis
1559 585 1904 654 sequentibus
1952 608 1973 641 5

215 657 433 724 divides,
473 660 527 708 et
561 658 617 709 in
651 676 990 727 quocumque
1023 658 1177 728 signo
1209 659 1502 711 novissima
1531 678 1654 728 pars
1686 660 1907 726 venerit,

122 731 317 784 341100
366 731 466 784 tibi
516 731 727 801 signum
777 731 1011 784 filiorum
1053 733 1231 784 locum
1270 737 1546 786 monstrat.
1626 732 1905 796 Quomodo

211 809 389 858 autem
438 805 508 857 sit
555 805 698 873 quod
747 805 978 858 diximus
1020 808 1342 874 quicumque
1381 807 1530 876 prior
1567 807 1754 877 fuerit,
1802 807 1907 861 hoc

213 880 464 932 docemus
505 879 762 948 exemplo.
843 878 899 932 Si
939 880 1123 933 Venus
1163 881 1220 933 in
1259 880 1434 933 Tauro
1473 882 1636 934 fuerit
1679 885 1731 934 et
1769 880 1906 934 Mer-

213 954 392 1005 curius
431 953 488 1005 in
529 951 789 1018 Geminis,
835 955 983 1023 prior
1021 953 1318 1007 Mercurius
1357 956 1648 1024 invenitur3
1703 974 1734 1007 a
1771 955 1903 1008 Mer·
1931 978 1975 1010 10

213 1029 359 1079 curio
408 1027 589 1095 itaque
637 1028 895 1081 inchoans
941 1047 1111 1097 usque
1159 1029 1226 1080 ad
1265 1027 1528 1081 Venerem
1573 1029 1904 1098 conputabis

214 1101 270 1154 Si
304 1119 428 1154 vero
462 1102 625 1154 simili
658 1102 816 1154 modo
851 1101 1034 1155 Venus
1076 1103 1268 1155 abante
1299 1104 1463 1156 fuerit
1496 1106 1550 1155 et
1581 1102 1706 1170 <111>
1738 1104 1908 1174 signis

212 1175 597 1244 posterioribus
637 1175 959 1246 Mercurius,
1000 1194 1030 1227 a
1068 1175 1277 1229 Venere
1318 1177 1715 1246 conputationis
1756 1178 1907 1239 dabis

121 1249 193 1302 35
212 1250 505 1302 exordium.
585 1248 642 1302 Si
688 1268 814 1302 vero
861 1250 919 1303 in
957 1269 1065 1303 uno
1105 1251 1332 1322 <signo>
1370 1251 1570 1304 fuerint
1611 1252 1906 1321 constituti,

210 1324 277 1376 ab
327 1342 387 1377 60
436 1323 695 1378 inchoans
737 1344 853 1373 ***
894 1343 1064 1393 usque
1113 1325 1180 1377 ad
1227 1325 1393 1378 alium
1439 1327 1661 1392 veneris,
1710 1327 1803 1394 qui
1849 1326 1906 1379 in
1930 1347 1974 1380 15

219 1398 599 1468 eodemsigno
643 1398 784 1467 [qui]
824 1399 881 1450 in
917 1399 1307 1468 posterioribus
1347 1400 1590 1468 partibus
1628 1400 1792 1452 fuerit
1831 1400 1907 1452 in-

49 1483 226 1526 sol-84²'I
245 1475 451 1525 ventus,
531 1470 589 1524 Si
639 1491 764 1525 Vero
816 1473 873 1524 in
923 1473 1093 1525 isdem
1143 1473 1387 1541 partibus
1438 1474 1639 1526 fuerint
1687 1474 1908 1543 inventi,

211 1546 277 1598 ab
318 1548 413 1598 illo
454 1546 673 1598 inchoas
714 1546 864 1598 cuius
904 1547 1114 1599 minuta
1153 1548 1490 1615 praecedunt.
1571 1546 1628 1600 Si
1675 1567 1801 1601 vero
1850 1549 1906 1600 in

210 1619 377 1672 isdem
420 1617 687 1691 [partibus
727 1620 929 1673 suerint
967 1621 1186 1689 inventi,
1230 1622 1296 1674 ab
1336 1622 1431 1674 illo
1471 1622 1690 1675 inchoas
1700 1664 1714 1691 ,
1754 1622 1906 1675 cuius

210 1691 470 1765 minutae]
535 1694 760 1746 minutis
818 1694 1042 1763 fuerint,
1107 1698 1236 1748 tunc
1288 1695 1392 1748 hoc
1445 1697 1820 1764 praetermisso
1876 1715 1906 1748 a
1930 1718 1975 1749 20

209 1767 336 1821 Iove
376 1768 443 1820 ad
480 1767 804 1821 Mercurium
843 1770 900 1820 in
940 1769 1142 1836 diurna,
1182 1770 1237 1821 in
1275 1773 1539 1822 nocturna
1578 1789 1607 1822 a
1638 1770 1903 1823 Mercurio

121 1841 192 1894 36
210 1842 278 1894 ad
315 1841 498 1894 Iovem
546 1842 734 1895 iisdem
780 1843 1079 1895 rationibus
1127 1843 1460 1912 conputabis.
1538 1841 1672 1896 Cum
1724 1844 1906 1912 itaque

209 1916 388 1968 locum
427 1916 664 1968 filiorum
703 1917 886 1986 partili
924 1917 1133 1970 ratione
1174 1918 1465 1988 collegeriS‚
1504 1918 1709 1986 inspice
1743 1918 1905 1971 simili

210 1991 370 2042 modo
420 1992 691 2059 quatenus
727 1990 868 2043 hunc
917 1991 1142 2044 eundem
1181 1992 1359 2044 locum
1399 1992 1679 2057 benivolae
1719 1995 1904 2045 stellae

210 2063 599 2133 malivolaeque
638 2065 940 2134 respiciant.
1013 2064 1116 2118 Sed
1158 2069 1209 2118 et
1249 2066 1587 2119 condiciones
1628 2068 1902 2119 stellarum
1929 2087 1973 2120 25

331 2274 354 2311 3
388 2269 517 2324 prius
550 2272 590 2312 Δ
650 2271 655 2325 Ι
711 2283 857 2324 usque
892 2296 946 2301 —
981 2275 1006 2312 5
1039 2268 1264 2313 inchoans
1297 2283 1379 2314 om.
1406 2273 1445 2313 Δ
1594 2275 1616 2313 7
1650 2270 1903 2329 quomodo]

211 2341 302 2383 quo
329 2331 410 2369 AG
457 2331 547 2382 quo
580 2333 615 2370 D
739 2333 762 2370 9
798 2328 1067 2372 docebimus
1100 2331 1139 2371 Δ
1265 2333 1318 2372 12
1353 2328 1505 2372 Simili
1536 2330 1673 2373 modo
1708 2330 1747 2373 si
1781 2331 1903 2386 (vero

214 2390 314 2442 om.)
348 2389 387 2429 Δ
447 2388 452 2444 Ι
510 2388 617 2430 add.
659 2403 685 2429 a
743 2389 748 2445 Ι
807 2388 940 2444 signo
979 2387 1237 2444 posteriore
1278 2402 1303 2431 σ
1345 2390 1537 2444 (partim
1567 2388 1904 2444 propter'clau·

209 2447 374 2500 sulam)
528 2451 582 2488 14
613 2460 705 2488 uno
742 2448 811 2504 Γ]
854 2447 948 2490 11110
981 2449 1020 2490 A
1081 2449 1086 2502 Ι
1144 2448 1248 2490 add.
1284 2463 1310 2489 a
1463 2453 1516 2490 15
1547 2447 1740 2491 inchoas
1772 2451 1851 2489 BG
1893 2447 1901 2506 Ι

212 2505 293 2549 Zac.
319 2510 421 2549 stat.
448 2508 473 2557 ζ
501 2506 686 2559 (excidit
708 2506 800 2559 fere
832 2506 912 2560 qui
943 2506 992 2548 in
1023 2506 1256 2562 prioribus
1287 2505 1500 2561 partibus
1533 2506 1676 2550 fuerit
1700 2508 1904 2573 conputa

212 2609 383 2663 quoad)
537 2613 590 2651 15
623 2608 777 2652 venies
810 2611 849 2651 A
1004 2613 1057 2651 16
1091 2610 1172 2652 del.
1207 2612 1231 2661 ζ
1260 2611 1370 2665 (fuit
1400 2612 1451 2653 in
1482 2611 1720 2667 archetypo
1752 2580 1902 2666 είέῗὸ,

211 2668 317 2710 inde
349 2683 376 2709 a.
407 2667 457 2710 in
487 2669 605 2723 post.
641 2667 849 2710 eiusdem
882 2667 1005 2723 signi
1037 2670 1175 2723 part.)
1300 2673 1352 2711 17
1388 2667 1435 2711 Si
1460 2695 1514 2700 --
1540 2668 1718 2712 inventi
1751 2682 1831 2712 om.
1859 2673 1900 2711 Δ

275 2731 327 2768 18
360 2726 585 2769 inchoans
617 2730 655 2767 N
697 2726 887 2770 inchoes
919 2742 947 2768 v
990 2728 994 2783 Ι
1038 2727 1248 2770 minutae
1280 2741 1390 2771 corr.
1425 2743 1452 2770 a
1496 2728 1500 2785 Ι
1543 2727 1591 2769 111
1623 2742 1705 2772 om.
1739 2730 1780 2769 A

215 2789 266 2826 19
301 2786 382 2828 del.
419 2799 443 2827 σ
481 2787 615 2829 illata
655 2800 675 2829 e
715 2787 794 2829 lin.
831 2790 962 2841 17sq.
1023 2788 1028 2841 Ι
1085 2786 1228 2828 fuerit
1257 2789 1297 2829 A
1357 2788 1362 2843 Ι
1419 2786 1599 2829 inventi
1643 2801 1724 2830 om..
1758 2788 1844 2828 AG
1892 2786 1897 2843 Ι

211 2843 400 2886 inchoes
432 2859 461 2885 v
613 2844 912 2902 20·minutis]
945 2844 1152 2887 minutus
1184 2849 1223 2886 N
1374 2849 1428 2887 23
1461 2844 1639 2901 inspice
1671 2844 1818 2902 D²N²]
1851 2844 1901 2886 in

211 2902 421 2945 Piscibus
541 2907 594 2944 24
622 2906 850 2958 quatenus
876 2903 1017 2946 simili
1042 2904 1179 2947 modo
1206 2906 1243 2947 A
1288 2907 1293 2959 Ι
1336 2903 1489 2947 locum
1512 2909 1611 2958 post
1634 2903 1903 2946 malivolae-

213 2974 302 3016 que
327 2975 437 3017 pon.
472 2964 511 3004 A
636 2968 690 3006 25
725 2962 1040 3006 condictiones
1075 2968 1108 3004 G
1141 2963 1503 3006 condonationes
1537 2967 1611 3006 cet.
1646 2976 1757 3006 corr.
1790 2977 1818 3003 v
