2090 3198
291 175 399 227 334
1023 174 1251 219 FIRMICI

289 296 665 364 horoscopum,
704 295 760 347 in
801 313 1009 348 crucem
1049 295 1198 348 iussu
1237 295 1574 364 imperatoris
1611 298 1847 364 tolletur,
1885 299 1979 350 aut

289 373 566 440 praesente
605 370 926 438 imperatore
965 370 1322 438 torquebitur,
1369 373 1460 422 aut
1507 370 1655 423 iussu
1693 369 1977 439 principali

290 444 657 512 suspendetur,
705 444 798 496 sed
843 447 972 496 tunc
1019 461 1140 496 cum
1179 442 1324 496 Mars
1370 445 1426 496 in
1468 443 1585 512 ipsa
1623 446 1773 512 parte
1812 443 1977 496 fuerit

239 518 267 568 7
289 518 548 570 inventus.
626 516 688 569 In
735 521 887 587 parte
932 516 1074 570 XIX
1113 517 1308 570 Librae
1355 517 1677 586 quicumque
1730 517 1977 571 habuerit

287 591 660 661 horoscopum,
707 592 924 645 incursu
969 591 1248 661 repentino
1296 592 1536 644 hostium
1583 591 1836 661 capietur.
1913 590 1975 644 In
2022 611 2043 644 5

285 669 436 734 parte
467 665 582 718 XX.
613 665 804 718 Librae
838 666 1160 734 quicumque
1191 665 1477 718 habuerint
1508 665 1880 734 horoscopum,
1918 666 1975 718 in

210 760 213 763 ·
287 739 692 808 septentrionali
732 739 935 793 scilicet
972 743 1139 808 parte,
1178 743 1334 794 erunt
1372 739 1564 792 medici
1602 740 1807 792 famosa
1846 741 1975 792 artis

284 813 567 866 nobilitate
607 814 892 883 perspicui.
957 812 1014 866 Si
1051 831 1176 866 vero
1209 814 1355 867 Mars
1393 813 1451 866 in
1482 814 1598 882 ipsa
1629 818 1779 884 parte
1810 814 1975 866 fuerit

285 888 549 958 inventuS,
594 888 871 941 habebunt
918 891 1067 940 actus
1116 888 1180 941 de
1225 889 1488 941 mensuris
1535 890 1589 940 et
1634 888 1974 958 ponderibuS,

99 972 316 1014 s0-1110011
336 963 427 1014 sed
470 962 584 1014 81116
622 962 750 1015 filiis
782 962 1092 1014 morientur.
1154 960 1218 1020 In
1255 966 1408 1032 parte
1445 959 1588 1014 XXI.
1625 961 1820 1015 Librae
1861 962 1973 1030 qui-
2000 983 2041 1014 ιο

285 1053 510 1105 cumque
549 1036 836 1089 habuerint
873 1035 1248 1106 horoscopum,
1289 1040 1443 1089 erunt
1474 1040 1776 1106 geometrae
1809 1037 2003 1106 oligo-

233 1111 264 1163 8
284 1109 503 1162 611101111.
580 1109 645 1162 111
691 1114 842 1194 parte
881 1108 1049 1163 XXII.
1089 1110 1281 1163 Librae
1321 1111 1642 1179 quicumque
1688 1110 1974 1163 habuerint

283 1185 657 1253 horoscopum,
698 1185 743 1236 si
780 1184 925 1237 Mars
965 1185 1022 1237 in
1059 1186 1177 1254 ipsa
1214 1188 1368 1254 parte
1406 1184 1568 1236 fuerit
1606 1186 1870 1254 inventus,
1910 1184 1974 1237 de

283 1259 392 1310 alto
431 1259 570 1327 lapsi
607 1261 694 1311 vel
723 1259 1062 1329 praecipitati
1094 1259 1295 1312 crudeli
1325 1262 1497 1311 morte
1527 1260 1845 1312 moriuntur.
1909 1258 1974 1311 In

281 1336 435 1401 parte
472 1331 669 1386 XXIII.
708 1333 901 1386 Librae
948 1333 1275 1402 quicumque
1312 1333 1560 1385 habuerit
1597 1333 1972 1402 horoscopum,
1997 1350 2040 1384 15

283 1409 385 1459 erit
422 1410 516 1459 aut
553 1426 647 1459 rex
686 1411 780 1459 aut
818 1407 1018 1478 regina.
1097 1406 1202 1461 Sed
1247 1408 1432 1460 multis
1478 1407 1679 1460 relictis
1719 1407 1973 1476 supersti-

282 1481 427 1533 tibus
465 1481 607 1534 ferro
648 1481 920 1534 morietur.
982 1480 1047 1534 In
1084 1485 1235 1552 parte
1274 1480 1466 1533 XXIV.
1503 1481 1695 1534 Librae
1737 1482 1974 1550 quicum-

283 1573 385 1623 que
415 1555 703 1608 habuerint
732 1556 1107 1625 horoscopum,
1148 1559 1303 1608 erunt
1341 1556 1702 1626 negotiatores
1734 1556 1826 1623 qui
1857 1573 1973 1624 per-

282 1629 493 1698 egrinas
541 1647 742 1682 merces
791 1630 1057 1682 advehant
1097 1629 1199 1699 [in]
1241 1629 1480 1682 navibus
1560 1628 1618 1681 Si
1663 1647 1787 1682 vero
1827 1629 1971 1681 Mars

281 1703 337 1754 in
383 1704 502 1771 ipsa
545 1707 699 1773 parte
745 1704 923 1772 fuerit,
962 1704 1048 1756 vel
1093 1705 1150 1756 in
1190 1721 1379 1756 occasu
1417 1704 1666 1771 <fu>erit,
1712 1722 1742 1754 a
1780 1703 1970 1771 piratis
1995 1721 2038 1752 20

229 1775 262 1827 9
281 1777 427 1845 capti
479 1778 789 1830 morientur.
866 1777 929 1831 In
983 1781 1134 1846 parte
1187 1777 1355 1829 XXV.
1402 1777 1592 1830 Librae
1647 1778 1969 1846 quicumque

279 1851 527 1903 habuerit
573 1851 947 1920 horoscopum,
988 1853 1088 1905 erit
1134 1852 1285 1904 faber
1322 1851 1589 1915 ferrariuS,
1629 1851 1714 1904 vel
1754 1851 1847 1919 qui
1885 1869 1969 1903 res

279 1926 573 1979 metallicas
611 1930 818 1979 tractet.
879 1925 941 1978 In
980 1929 1133 1996 parte
1179 1925 1373 1978 XXVI.
1413 1925 1604 1978 Librae
1648 1926 1969 1994 quicumque

278 1999 526 2052 habuerit
580 1999 955 2069 horoscopum,
1001 2002 1102 2053 erit
1154 2002 1335 2052 textor
1387 1999 1618 2070 gerdiuS,
1671 2000 1763 2051 sed
1818 1999 1967 2052 cuius

279 2074 486 2126 animus
534 2074 770 2127 insaniae
809 2074 1105 2127 valitudine
1153 2092 1308 2142 saepe
1349 2075 1633 2142 quatiatur.
1711 2073 1774 2125 In
1817 2076 1967 2142 parte
1993 2090 2035 2124 25

278 2146 498 2199 XXVII.
539 2148 732 2200 Librae
781 2149 1102 2217 quicumque
1149 2148 1397 2201 habuerit
1442 2148 1818 2216 horoscopum,
1865 2147 1967 2199 erit

278 2221 666 2291 pigmentarius
714 2224 799 2274 vel
853 2224 1101 2275 turarius.
1178 2221 1242 2274 In
1289 2225 1440 2290 parte
1487 2220 1735 2273 XXVIII.
1775 2221 1967 2273 Librae

278 2296 599 2363 quicumque
638 2296 924 2348 habuerint
961 2297 1333 2364 horoscopum,
1374 2298 1528 2347 erunt
1568 2295 1758 2347 divites
1799 2313 1967 2348 sacer-

192 2367 260 2418 10
278 2369 442 2421 dotes
519 2368 583 2421 In
628 2373 778 2438 parte
825 2368 1016 2422 XXIX.
1058 2370 1249 2422 Librae
1302 2371 1625 2438 quicumque
1679 2369 1964 2421 habuerint

277 2443 650 2511 horoscopum,
698 2447 853 2496 erunt
899 2444 1139 2513 religiosi
1186 2443 1311 2496 iusti
1355 2443 1590 2495 benivoli
1631 2443 1774 2495 omni
1815 2443 1962 2495 boni·
1988 2459 2031 2492 30

395 2623 419 2659 2
453 2620 698 2673 torquetur
722 2621 761 2661 A
884 2623 909 2660 3
943 2619 1242 2674 suspenditur
1265 2621 1289 2671 ζ
1399 2623 1425 2661 4
1459 2617 1574 2660 ΧΙΧ.
1601 2633 1645 2673 p.
1674 2620 1721 2661 Γ
1827 2621 1853 2660 5
1887 2631 1962 2660 ca-

275 2676 401 2731 pitur
432 2680 456 2728 ζ
605 2682 629 2720 6
673 2677 769 2720 ΧΧ.
802 2692 846 2733 p.
888 2679 931 2720 Γ
982 2680 987 2732 Ι
1045 2678 1262 2721 habuerit
1293 2677 1402 2720 AG!b
1556 2681 1578 2719 7
1622 2677 1828 2720 famosae
1861 2679 1901 2719 Δ

278 2739 331 2779 10
363 2735 479 2778 XXI.
514 2750 557 2790 p.
596 2739 642 2779 Γ
759 2741 811 2778 12
844 2735 982 2779 ΧΧΙΙ.
1016 2751 1059 2792 p.
1098 2740 1144 2780 Γ
1261 2742 1327 2780 13.
1358 2741 1411 2779 14
1445 2750 1498 2779 ex
1530 2735 1625 2779 alto
1657 2735 1779 2791 lapsi
1811 2736 1892 2777 aut
1922 2740 1962 2777 Ν

337 2799 388 2837 17
422 2793 583 2838 XXIV.
609 2810 652 2850 p.
684 2797 729 2837 Γ
847 2799 901 2838 19
934 2796 1015 2839 del.
1044 2811 1070 2837 a
1193 2800 1247 2839 20
1279 2795 1421 2839 fuerit
1450 2809 1530 2839 sec.
1557 2795 1603 2852 a]
1637 2794 1726 2837 erit
1745 2797 1792 2837 Γ
1810 2808 1891 2838 om.
1918 2797 1958 2837 Δ

275 2858 327 2895 21
362 2852 501 2896 XXV.
535 2869 578 2909 p.
617 2856 663 2897 Γ
692 2882 698 2888 -
798 2858 852 2896 23
886 2856 1056 2897 tractet
1087 2855 1147 2911 A]
1182 2856 1394 2897 exerceat
1429 2857 1475 2898 Γ
1501 2856 1666 2910 (tuetwr
1698 2867 1723 2895 6
1754 2855 1835 2908 qui
1862 2866 1960 2895 rem

274 2911 575 2966 metallicam)
627 2915 633 2966 1
683 2912 843 2955 XXVI.
877 2928 919 2968 p.
954 2915 1000 2956 Γ
1117 2918 1168 2955 ‘27
1203 2913 1406 2956 XXVIII.
1439 2928 1483 2968 p.
1517 2916 1589 2954 Gv
1710 2916 1764 2954 29
1797 2911 1958 2955 XXIX.

275 2969 320 3012 L.
355 2986 399 3025 p.
433 2975 468 3012 A
515 2971 674 3014 XXIX.
707 2987 752 3026 p.
786 2971 833 3013 L.
869 2976 939 3013 Gv
1061 2976 1115 3014 30
1149 2973 1274 3014 omni
1305 2971 1552 3028 praeconio
1584 2970 1809 3014 bonitatis
1841 2974 1865 3022 ζ
