2084 3192
110 716 130 748 5

88 1086 130 1118 10

90 1457 129 1489 15

792 171 899 215 vm
929 176 970 226 9,
996 175 1148 223 1—10,
1173 182 1206 214 5.
1736 168 1844 220 303

156 295 483 362 horrescant,
534 297 627 346 aut
677 297 818 346 certe
862 292 1082 345 insidias
1131 293 1378 359 parantes
1425 289 1553 343 feris
1607 291 1842 359 ipsarum

154 368 371 422 lacerati
410 367 678 421 morsibus
718 367 1058 435 dissipantur.

836 513 899 566 X.
947 512 1061 583 [LE
1068 511 1148 580 O.]
1600 567 1606 572 ‚
1832 530 1901 567 soz.
1911 523 1996 561 105²*
2006 530 2032 562 Ι

266 618 329 671 Ι11
367 618 408 673 Ι.
440 622 592 689 parte
622 618 817 671 Leonis
850 617 1022 670 oritur
1054 615 1357 670 Canicula
1398 634 1534 684 quae
1565 635 1596 668 a
1629 615 1845 670 Graecis
1866 618 1892 670 1

156 692 325 746 Sirios
366 693 574 746 dicitur.
641 692 976 761 Quicumque
1014 690 1115 743 hoc
1153 691 1322 744 sidere
1358 691 1560 744 oriente
1591 692 1706 744 nati
1736 691 1846 744 fue-

154 768 280 836 rint,
325 768 607 821 effrenatos
653 766 861 819 animos
908 765 975 817 ad
1022 783 1178 818 omne
1226 765 1462 817 studium
1512 767 1846 834 praeposteri

154 842 407 894 facinoris
447 841 808 911 applicabunt.
884 839 1059 892 Erunt
1107 840 1266 900 etiam
1314 839 1380 892 ab
1421 839 1567 891 omni
1604 839 1846 892 humani-

154 917 281 968 tatis
335 916 508 987 gratia
554 918 797 984 separati,
845 917 899 967 et
939 915 1034 983 qui
1071 914 1302 966 libenter
1341 913 1521 965 omnia
1559 915 1845 967 violentiae

156 991 333 1042 studia
384 993 667 1057 sectentur,
727 989 919 1042 furiosi
979 988 1221 1041 iracundi
1277 987 1543 1040 terribiles
1599 989 1846 1055 minaceS,

153 1065 277 1132 (et)
305 1082 440 1132 quos
473 1082 654 1117 omnes
686 1063 930 1116 homines
963 1066 1016 1115 et
1047 1063 1257 1116 oderint
1286 1063 1488 1132 pariter
1512 1065 1565 1114 et
1587 1065 1845 1115 metuant.

153 1138 330 1190 Erunt
379 1138 540 1191 etiam
595 1136 823 1190 animosi
878 1140 931 1190 et
983 1137 1209 1189 verbosa
1257 1136 1534 1188 affluentia
1584 1137 1896 1190 sermonis?

153 1231 362 1282 semper
413 1211 599 1280 inflati,
653 1216 708 1264 et
756 1229 890 1280 quos
937 1211 1004 1263 ad
1050 1229 1207 1264 omne
1254 1210 1555 1264 convicium
1595 1211 1841 1264 incautus

153 1304 327 1339 sermo
367 1305 575 1356 semper
612 1286 848 1355 inpellat,
887 1304 1027 1338 nova
1065 1288 1118 1338 et
1157 1285 1397 1338 inaudita
1428 1302 1705 1338 causarum
1737 1286 1842 1337 iur-

153 1362 242 1431 gia
280 1362 624 1413 concitantes,
693 1360 902 1412 Horum
942 1378 1035 1412 cor
1074 1359 1272 1412 crebris
1312 1359 1694 1429 agitationibus
1736 1360 1843 1427 pal-

154 1435 308 1504 pitat,
348 1438 402 1487 et
438 1454 544 1488 vox
580 1453 763 1486 eorum
796 1433 1158 1487 arescentibus
1188 1433 1432 1486 faucibus
1466 1451 1656 1485 canum
1688 1435 1846 1486 latra-

153 1513 240 1562 tus
290 1509 548 1576 imitatur,
594 1512 656 1561 ut
693 1509 898 1577 impetu
943 1511 996 1561 et
1034 1508 1215 1560 furore
1255 1508 1492 1560 conmoti
1531 1511 1623 1560 aut
1662 1508 1844 1560 dentes

155 1583 413 1652 quatiant,
468 1587 560 1635 aut
614 1583 803 1635 attritu
859 1601 1069 1650 semper
1123 1586 1396 1634 exacuant.
1475 1580 1580 1634 Sed
1619 1583 1665 1634 si
1702 1580 1897 1635 hunc-⁵3

152 1656 330 1710 locum
378 1657 521 1710 Mars
568 1657 775 1720 viderit,
830 1657 1024 1709 fortius
1079 1656 1211 1710 haec
1258 1674 1394 1724 quae
1442 1657 1675 1708 diximus
1724 1674 1846 1710 con-

152 1731 440 1784 valescunt.
507 1731 580 1784 Hi
610 1750 904 1799 numquam
937 1734 1181 1783 metuunt
1214 1734 1415 1783 secreta
1448 1730 1718 1798 silvarum,
1754 1731 1845 1782 sed

88 1828 106 1847 0
155 1806 391 1858 omnium
418 1805 653 1858 ferarum
679 1823 888 1858 morsus
911 1823 1081 1874 prona
1113 1805 1451 1857 animositate
1483 1808 1846 1872 contemnunt,

156 1883 208 1932 et
254 1879 561 1948 frequenter
606 1880 713 1933 illis
759 1879 997 1949 pericula
1043 1882 1096 1932 et
1137 1899 1167 1931 a
1204 1879 1331 1931 feris
1379 1882 1432 1931 et
1478 1879 1545 1930 ab
1587 1879 1846 1931 incendiis

155 1953 464 2007 inferentur.
542 1953 702 2007 Hunc
747 1953 924 2006 locum
973 1954 1017 2006 si
1063 1952 1345 2005 malivolae
1386 1955 1570 2006 stellae
1609 1953 1843 2005 radiave-
1863 1953 1901 2004 4

154 2027 278 2097 rint,
317 2027 470 2079 Luna
510 2046 722 2096 quoque
761 2028 973 2079 vidente
1022 2026 1327 2095 Saturnum,
1366 2030 1653 2079 nascentur
1692 2045 1846 2080 vena-

156 2105 299 2154 tores
340 2101 566 2154 arenarii
605 2101 942 2170 parabolarii,
984 2102 1075 2169 qui
1116 2101 1213 2153 sub
1251 2107 1540 2170 conspectu
1571 2101 1758 2170 populi
1791 2101 1847 2152 in

88 2198 107 2229 2
157 2175 330 2228 caveis
386 2193 507 2228 cum
562 2175 689 2228 feris
743 2178 999 2245 pugnent.
1075 2174 1240 2227 Fiunt
1293 2176 1454 2227 etiam
1508 2174 1845 2246 gladiatores,

155 2248 330 2300 Erunt
392 2249 553 2301 etiam
615 2250 746 2318 <ea>
808 2249 1047 2317 corporis
1109 2248 1419 2317 velocitate,
1488 2254 1549 2301 ut
1608 2248 1846 2318 leporem

155 2340 315 2375 cursu
371 2323 817 2392 conprehendant.
896 2322 953 2375 Si
1006 2322 1110 2375 hoc
1156 2323 1302 2375 sidus
1351 2323 1407 2374 in
1456 2341 1646 2376 occasu
1685 2323 1900 2376 fuerit5

154 2398 447 2461 inventum,
501 2400 554 2449 et
600 2396 743 2449 Mars
799 2399 891 2448 aut
937 2398 994 2449 in
1039 2397 1156 2466 ipso
1203 2398 1322 2449 loco
1370 2398 1532 2449 fuerit
1583 2397 1846 2465 inventus,

155 2474 247 2523 aut
285 2471 463 2522 locum
503 2470 681 2538 ipsum
720 2471 916 2523 minaci
955 2471 1250 2523 radiatione
1289 2471 1596 2539 respexerit,
1636 2490 1665 2522 a
1703 2470 1845 2539 lupis

274 2621 299 2658 2
334 2615 622 2672 dissipentur
651 2618 692 2659 Δ
814 2622 841 2660 4
872 2618 1006 2672 parte
1037 2616 1203 2660 Leonis
1240 2617 1306 2675 Γ]
1356 2617 1454 2660 eius
1486 2618 1618 2673 parte
1650 2621 1685 2658 D
1732 2615 1845 2672 (pri-

153 2675 259 2732 mis)
292 2675 387 2718 suis
420 2674 633 2730 partibus
664 2679 704 2717 N
832 2679 858 2718 5
892 2676 1049 2731 syrion
1082 2674 1200 2717 A‘D1
1248 2689 1385 2731 syron
1419 2680 1454 2718 G
1500 2676 1648 2732 syrius
1680 2675 1786 2717 ΒΣΗ

157 2739 211 2777 10
244 2735 349 2778 add.
384 2749 411 2776 a
533 2738 587 2776 12
621 2747 803 2790 semper
833 2749 916 2779 om.
947 2737 993 2779 Γ
1110 2739 1164 2778 15
1198 2737 1245 2778 et
1279 2735 1345 2792 Γ]
1389 2736 1444 2778 ut
1474 2738 1513 2778 Δ
1552 2737 1579 2790 ,Ι
1638 2747 1843 2778 crescen-

154 2793 280 2836 tibus
312 2797 386 2835 Aa
521 2797 575 2836 16
607 2793 817 2836 imitetur
847 2793 908 2835 1²²
1041 2799 1092 2837 17
1128 2793 1317 2837 attritus
1353 2796 1399 2837 Γ
1437 2794 1623 2838 attritos
1657 2795 1696 2836 A
1729 2807 1840 2838 corr.

154 2866 217 2895 κσ
360 2857 415 2894 22
447 2851 695 2895 malivolae
732 2853 797 2910 Γ]
829 2852 981 2896 malae
1013 2855 1053 2896 Δ
1196 2858 1251 2896 23
1284 2853 1461 2895 Lunam
1494 2868 1536 2908 q.
1570 2867 1610 2896 v.
1643 2851 1843 2895 Saturno

154 2913 194 2954 A
339 2915 395 2953 24
426 2910 656 2966 paloberii
687 2916 722 2953 D
765 2911 998 2967 palobarii
1027 2916 1067 2954 N
1211 2917 1265 2956 26
1300 2913 1406 2955 add.
1438 2916 1477 2953 N
1533 2914 1538 2967 Ι
1595 2911 1843 2955 velocitate

154 2969 395 3028 (muniti)
429 2986 455 3012 a
