2066 3192
806 96 847 140 V
881 101 920 151 1,
945 109 1105 142 30—35.
1735 98 1760 148 1
1771 97 1799 149 ’ἵ

116 219 235 271 dam
279 219 514 289 negotiis
563 219 785 289 gloriam
830 222 1202 287 consequetur,
1246 219 1336 271 sed
1377 236 1631 286 processu
1671 221 1804 270 tem-

115 293 261 362 poris
321 293 538 346 maioris
602 293 880 363 dignitatis
943 295 1253 345 ornamenta
1314 294 1686 360 consequitur,
1753 295 1807 344 et

116 385 339 438 magnae
388 366 609 419 habebit
648 367 922 420 felicitatis
961 370 1332 437 augmentum,
1380 369 1433 419 et
1469 365 1643 437 (erit)
1682 366 1805 419 assi·

117 441 218 494 due
257 459 375 493 cum
409 440 701 494 multorum
734 443 928 495 notitia
956 439 1478 512 peregrinationibus
1507 444 1682 493 notus.
1750 439 1808 492 Si
1832 441 1902 494 33

72 535 92 568 5
115 513 231 568 MC.
271 515 329 568 in
361 513 652 584 Sagittario
692 515 869 582 fuerit,
912 515 1098 568 multis
1138 515 1406 568 erroribus
1445 515 1808 585 inplicabitur,

117 593 170 642 et
219 588 576 658 periculorum
628 591 774 642 varia
823 589 1131 643 discrimina
1182 590 1398 643 accedit.
1477 589 1600 642 Erit
1649 588 1808 660 agilis

117 664 174 716 in
234 664 482 716 omnibus
545 663 1055 733 conversationibUS,
1117 667 1171 716 et
1232 683 1352 717 oum
1412 664 1809 734 potentioribus

116 737 358 808 personis
412 737 635 791 habebit
686 757 797 792 non
851 738 1058 792 modica
1112 739 1426 808 certamina,
1481 742 1534 791 et
1590 741 1811 808 propter

117 830 394 882 personam
454 813 719 881 quandam
774 812 1000 868 incurrit
1053 812 1288 881 insidias,
1343 817 1396 866 et
1442 816 1616 866 totum
1666 813 1810 881 quic-

52 908 94 939 1o
120 887 248 956 quid
300 887 532 956 primum
586 887 885 956 possederit
937 887 1128 956 perdit,
1183 890 1236 939 et
1290 888 1582 941 alienarum
1633 905 1811 940 rerum

117 979 301 1014 rursus
342 961 576 1013 dominia
616 963 972 1031 consequitur,
1011 962 1196 1015 amicis
1233 962 1395 1014 fidam
1428 962 1694 1015 amicitiae
1724 979 1814 1013 ne-

119 1035 493 1088 cessitudinem
534 1036 793 1089 exhibens
834 1054 1056 1106 semper.
1130 1035 1232 1088 Sed
1271 1035 1415 1090 hunc
1455 1037 1522 1088 ad
1560 1053 1813 1089 venereos

120 1111 293 1163 coitus
326 1110 606 1163 collectum
639 1129 735 1179 per
771 1112 952 1165 oculos
987 1110 1304 1163 desiderium
1343 1129 1551 1180 semper
1590 1110 1813 1180 inpellit.

121 1183 180 1237 Si
227 1202 443 1237 occasus
490 1185 547 1236 in
594 1183 816 1255 Virgine
861 1185 1040 1253 fuerit,
1087 1185 1189 1237 erit
1236 1185 1484 1238 cordatus
1533 1188 1586 1237 et
1626 1184 1813 1238 alienis
1839 1183 1911 1235 34

54 1278 96 1311 15
119 1257 428 1311 hominibus
474 1260 728 1311 alimenta
772 1260 1080 1328 praestabit.
1158 1259 1279 1312 Erit
1323 1260 1447 1312 talis
1502 1261 1588 1312 cui
1636 1258 1814 1312 fidelia

122 1337 324 1386 secreta
362 1333 657 1386 credantur.
734 1333 937 1386 Multos
987 1334 1186 1387 amicos
1239 1334 1350 1387 suis
1402 1334 1672 1386 alimentis
1723 1336 1816 1385 aut

122 1408 231 1460 suis
271 1407 546 1476 praesidiis
587 1408 907 1478 sublevabit,
946 1412 999 1460 et
1038 1409 1255 1478 grandis
1295 1409 1344 1461 ei
1384 1409 1689 1461 divitiarum
1729 1426 1815 1460 cu-

121 1483 299 1534 mulus
339 1482 556 1550 accedit,
597 1485 649 1534 et
689 1483 846 1535 amici
887 1483 1127 1535 existunt
1164 1483 1472 1551 frequenter
1509 1482 1722 1553 ingrati,
1762 1485 1816 1534 et

125 1557 263 1609 circa
301 1575 521 1610 uxorem
562 1557 772 1610 blandis
808 1558 910 1609 erit
942 1576 1184 1610 amorum
1217 1557 1496 1610 affectibus
1530 1557 1814 1627 obligatus

57 1651 99 1682 20
125 1629 228 1683 Sed
282 1634 335 1683 et
388 1631 505 1699 ipsa
559 1632 699 1684 circa
749 1650 870 1684 eum
921 1633 1022 1684 erit
1072 1631 1379 1700 frequenter
1429 1632 1652 1702 ingrata.
1730 1630 1815 1682 Ex

122 1705 305 1757 uxoris
346 1709 437 1757 aut
475 1706 711 1758 filiorum
750 1706 1040 1759 infortunis
1079 1706 1263 1776 gravia
1303 1706 1503 1758 doloris
1548 1708 1816 1759 tormenta

122 1781 370 1848 patietur.
449 1778 505 1832 Si
553 1781 610 1833 in
657 1778 893 1833 Geminis
933 1779 1072 1833 IMC.
1122 1781 1306 1844 fuerit,
1354 1780 1538 1832 multis
1585 1781 1816 1849 aegritu·
1841 1778 1911 1831 35

125 1853 338 1906 dinibus
389 1854 728 1923 fatigabitur,
780 1859 832 1907 et
881 1854 1068 1907 multis
1118 1854 1394 1907 laboribus
1443 1854 1815 1924 applicabitur,

126 1927 360 1980 dolorem
418 1928 651 1997 aliquem
706 1932 799 1981 aut
851 1929 1042 1981 vitium
1090 1928 1316 1982 habebit
1367 1929 1708 1996 absconsum,
1762 1930 1816 1980 et

60 2021 101 2053 25
125 2005 251 2071 post
296 2003 626 2055 infelicitatis
672 2004 1010 2056 incommoda
1057 2004 1291 2055 maxima
1338 2004 1386 2056 61
1428 2003 1654 2055 felicitas
1695 2020 1817 2056 con-

126 2077 340 2144 feretur,
388 2076 464 2128 ita
509 2079 570 2129 ut
617 2082 670 2130 et
715 2077 834 2130 aliis
882 2079 1023 2130 vitae
1069 2077 1323 2130 alimenta
1370 2078 1688 2147 suppeditet,
1735 2080 1788 2129 et
1805 2087 1949 2131 fol-⁵8?
1962 2091 1984 2121 Ι

128 2151 333 2203 amissis
379 2151 652 2220 prioribus
700 2151 949 2204 omnibus
997 2151 1044 2203 61
1090 2152 1371 2220 repentino
1421 2170 1544 2204 casu
1600 2151 1818 2204 divitiae

128 2226 481 2278 conferentur.
559 2225 864 2278 Possidebit
919 2229 971 2278 et
1026 2225 1247 2278 habebit
1301 2226 1539 2278 subsidia
1586 2244 1720 2294 quae
1771 2226 1819 2276 ei

131 2300 311 2351 omnia
361 2299 784 2368 subministrent,
839 2303 893 2352 et
947 2317 1066 2352 cum
1112 2300 1276 2352 fuerit
1324 2318 1483 2353 onere
1530 2300 1818 2353 senectutis

62 2391 105 2422 so
130 2390 437 2442 oppressuS,
487 2374 544 2425 in
582 2375 878 2444 peregrinis
916 2374 1049 2427 locis
1100 2374 1375 2443 repentina
1420 2377 1592 2427 morte
1632 2374 1820 2426 morie-

130 2451 231 2499 tur.
311 2445 414 2499 Sed
455 2450 506 2500 et
547 2448 604 2500 in
639 2448 742 2502 hoc
782 2450 1057 2518 geniturae
1098 2447 1344 2500 dominus
1384 2450 1699 2517 requiratur.

251 2553 276 2591 3
302 2548 406 2592 add.
423 2551 447 2600 ζ
517 2554 542 2591 5
567 2548 616 2591 111
634 2548 729 2593 MC.
745 2549 1026 2606 Sagittarius
1045 2551 1084 2592 Δ
1160 2554 1185 2591 8
1211 2550 1420 2605 personis
1439 2565 1520 2594 om.
1539 2553 1575 2593 Δ
1651 2554 1702 2592 13
1729 2548 1820 2592 661-

132 2607 305 2651 lectum
323 2608 366 2666 σ]
385 2606 581 2651 collecta
594 2608 800 2663 (collctfii
819 2611 872 2665 A)
953 2613 1004 2651 17
1025 2609 1068 2651 ei
1087 2609 1126 2665 σ]
1147 2611 1194 2651 et
1210 2613 1242 2651 B
1255 2613 1284 2651 0
1297 2614 1330 2650 G
1347 2624 1430 2653 om.
1445 2612 1530 2652 AA
1612 2613 1664 2652 18
1684 2607 1822 2651 amici

134 2666 292 2724 <61>ζ
388 2671 443 2710 2Ο
470 2669 516 2710 et
540 2682 595 2710 ex
618 2668 773 2712 uxoris
797 2673 834 2710 A
941 2672 994 2710 22
1021 2667 1195 2724 gemini
1220 2668 1269 2710 in
1294 2668 1386 2712 imo
1412 2668 1500 2712 celi
1524 2668 1666 2711 fuerit
1692 2670 1730 2710 Δ

134 2730 189 2769 23
215 2725 432 2781 inplicab.
448 2729 472 2778 ζ
546 2731 601 2768 25
626 2727 869 2771 felicitat-is
887 2741 999 2772 corr.
1015 2726 1119 2768 AD²
1148 2734 1151 2783 ᾗ
1181 2727 1245 2770 618
1263 2732 1346 2769 ΒΝ
1438 2732 1492 2770 26
1520 2727 1625 2770 aliis
1643 2727 1689 2784 a]
1709 2725 1790 2769 alii

136 2785 405 2842 suppeditet
421 2786 467 2843 a]
486 2786 707 2841 suspendi
724 2789 851 2829 AOA
878 2785 1100 2842 stipendii
1119 2790 1194 2828 GB
1288 2791 1341 2829 27
1367 2787 1600 2843 prioribus
1615 2785 1820 2844 (bonis)

135 2847 158 2896 ζ
234 2849 287 2887 28
306 2859 414 2900 poss
444 2846 490 2887 et
506 2844 631 2902 hab.]
647 2851 731 2890 aut
746 2847 905 2901 supple
921 2846 1133 2889 obiectum
1154 2851 1236 2889 aut
1252 2846 1345 2889 dele
1362 2849 1551 2890 alterum
1570 2846 1749 2890 verbum
1767 2858 1793 2887 σ
1813 2847 1817 2898 ἓ

136 2903 166 2960 <
171 2903 332 2962 vitae>
347 2903 556 2946 subsidia
574 2905 667 2958 ges.
677 2908 752 2958 24,
763 2917 804 2945 25
859 2909 915 2947 30
934 2903 1049 2948 locis
1066 2905 1324 2960 peregrinis
1339 2909 1378 2949 A
1435 2909 1486 2947 31
1507 2905 1769 2959 requiretur
1782 2906 1820 2946 A

225 2985 431 3025 mect‘s,
456 2985 720 3026 edd.K1-011‚
748 2986 953 3018 Skutsch
979 2988 1014 3017 et
1039 2985 1241 3026 Ziegler.
1281 2987 1332 3018 ΙΙ.
1528 2983 1552 3021 2
