2066 3192
23 2988 41 3192 m·;t²v
22 2769 38 2964 ΜἽΜ-
25 2736 28 2743 ⁴
24 2695 29 2706 '¹
23 2642 27 2671 ⁴*

803 136 867 185 VI
900 143 969 196 1⁷,
995 153 1109 186 1—4.
1694 139 1797 194 111

112 261 346 315 diatione
391 260 738 332 pulsaverint,
790 265 843 314 et
889 261 934 316 si
979 264 1189 315 nullum
1227 261 1336 315 iujs
1374 260 1618 331 Iuppiter
1655 262 1801 315 testi-

110 336 351 389 monium
391 336 736 389 conmodarit.

222 410 412 480 [Mars
445 413 506 462 et
534 409 890 464 Mercurius
924 410 1260 480 diametri]
1313 409 1370 463 Si
1401 409 1546 463 Mars
1580 413 1633 463 et
1663 410 1851 464 Mer-3

110 486 288 537 curius
335 484 593 537 diametra
640 504 694 538 se
741 484 1037 538 radiatione
1083 485 1432 554 respexerint,
1479 487 1533 537 et
1579 484 1635 537 in
1682 502 1800 537 con-

65 579 84 612 5
108 558 288 611 trariis
329 558 608 612 constituti
646 559 778 612 locis
816 560 980 630 longa
1017 578 1072 611 se
1111 560 1339 612 invicem
1378 558 1651 612 radiorum
1683 577 1800 612 suo-

107 652 227 686 rum
278 636 541 702 potestate
591 633 944 703 pulsaverint,
997 633 1227 686 maxima
1278 633 1697 686 infortuniorum
1749 637 1801 686 et

107 707 340 760 maxima
371 708 691 762 calamitatis
725 707 889 760 exitia
920 709 1155 762 decernit
1192 709 1296 761 ista
1334 707 1663 760 coniunctio:
1709 711 1801 760 aut

107 782 372 834 inmutata
408 781 711 835 tabularum
744 784 798 835 et
830 782 1215 852 scripturarum
1247 781 1368 851 fide,
1400 783 1492 851 qui
1523 783 1599 835 sie
1630 781 1766 834 Mar-
1783 795 1981 838 fol-Wll

106 859 216 909 tem
264 859 316 908 et
362 855 682 909 Mercurium
734 856 1045 924 habuerint,
1091 857 1215 909 falsi
1264 856 1463 909 crimen
1508 856 1801 926 incurrunt,

40 951 83 984 10
107 933 200 982 aut
250 930 498 984 omnibus
547 931 875 984 facinoribus
926 932 1096 985 malae
1147 932 1501 984 conscientiae
1549 930 1800 984 societate

106 1004 425 1075 iunguntur,
471 1009 564 1058 aut
602 1023 722 1059 cum
761 1005 1017 1060 maleficis
1057 1009 1111 1058 et
1148 1005 1446 1058 venenariis
1485 1004 1800 1059 criminosae

105 1080 247 1132 vitae
288 1081 617 1133 consortium
658 1082 911 1150 iungunt,
954 1083 1047 1133 aut
1086 1079 1388 1133 debitorum
1428 1080 1579 1150 gravi
1617 1080 1800 1133 fenore

108 1171 315 1223 semper
370 1154 613 1223 oppressi
662 1172 782 1207 cum
830 1155 1034 1207 iactura
1078 1155 1299 1224 pudoris
1347 1154 1414 1207 ad
1459 1153 1676 1224 publica
1725 1155 1803 1206 iu-

107 1228 244 1280 dicia
293 1229 698 1298 pertrahuntur,
748 1233 839 1281 aut
891 1247 1054 1298 pravo
1103 1229 1401 1299 cupititatis
1447 1229 1636 1281 ardore
1680 1246 1799 1298 pos·
1816 1231 1852 1283 4

40 1323 81 1356 15
108 1302 254 1372 sessi,
294 1306 348 1356 et
385 1303 636 1374 religiosa
667 1303 791 1356 fidei
825 1303 1142 1358 commercia
1172 1306 1491 1373 polluentes,
1531 1302 1801 1372 depositas

107 1378 192 1429 vel
250 1378 624 1430 conmendatas
683 1397 766 1431 res
818 1379 1080 1449 abnegare
1132 1381 1413 1446 conantur,
1467 1380 1529 1429 ut
1584 1396 1648 1430 ex
1698 1378 1802 1429 ista

106 1451 328 1519 perfidia
367 1451 452 1505 vel
491 1470 555 1504 ex
585 1452 1025 1522 praecedentibus
1059 1452 1370 1505 criminibus
1402 1451 1647 1522 publicae
1679 1469 1802 1504 con-

106 1529 189 1577 tra
228 1526 351 1579 illos
393 1528 684 1579 sententiae
727 1527 1012 1579 discrimen
1051 1527 1317 1598 insurgat,
1357 1530 1411 1579 et
1449 1526 1800 1579 iudicantium

107 1599 332 1653 subiecti
370 1601 725 1669 potestatibus
769 1601 1052 1655 metuendo
1102 1619 1381 1655 causarum
1428 1604 1630 1653 terrore
1678 1618 1802 1669 qua-

39 1696 83 1729 20
106 1675 323 1727 tiantur.
397 1674 508 1727 Alii
547 1676 975 1744 praecedentium
1014 1677 1312 1728 facinorum
1346 1675 1605 1745 exagitati
1636 1677 1800 1728 terro-

106 1748 269 1818 ribus,
308 1752 360 1802 et
398 1750 568 1802 malae
608 1751 963 1804 conscientiae
1004 1750 1255 1803 oneribus
1295 1749 1524 1820 fatigati,
1565 1769 1634 1799 ῆι*
1658 1770 1683 1798 *
1721 1749 1802 1802 vis

107 1823 375 1875 erroribus
425 1828 752 1894 separantur,
798 1826 1112 1894 praesertim
1161 1826 1205 1876 si
1254 1825 1308 1876 in
1347 1823 1545 1876 finibus
1586 1822 1802 1876 Saturni

107 1897 191 1950 vel
230 1898 284 1950 in
327 1898 484 1950 domo
523 1899 741 1951 Saturni
781 1899 865 1952 vel
904 1900 960 1951 in
993 1899 1150 1952 domo
1186 1917 1280 1951 sua
1311 1898 1608 1951 Mercurius
1638 1897 1803 1950 fuerit

107 1972 355 2024 inventus
394 1973 451 2024 in
491 1973 679 2026 diurna
718 1975 986 2043 genitura,
1034 1992 1132 2026 nec
1170 1972 1413 2042 Iuppiter
1453 1972 1686 2041 aliquem
1726 1973 1803 2041 ip-

39 2067 82 2100 25
107 2064 286 2099 sorum
327 2047 589 2116 trigonica
628 2048 922 2100 radiatione
962 2049 1266 2116 respexerit.

227 2241 253 2280 8
280 2241 382 2291 175,
400 2242 459 2281 20
482 2238 871 2296 πλαστογράφους
894 2246 1022 2283 ποιεῖ
1051 2238 1131 2282 καὶ
1157 2237 1418 2295 φαρμάκων
1443 2234 1746 2295 (φαρμακέων
1763 2238 1801 2292 ζ)

109 2294 400 2352 συνίστορας,
446 2298 496 2342 ἐν
536 2297 723 2354 ἐγγύαις
761 2300 841 2342 καὶ
879 2297 1028 2355 χρέεσι
1069 2297 1354 2356 γινομένους.
1412 2295 1528 2341 ὅθεν
1566 2294 1801 2351 πολλάκις,

110 2355 246 2412 φησί,
287 2355 440 2400 πίστιν
480 2356 810 2415 ἀποστέργουσι
854 2356 1050 2402 δικαίων
1092 2359 1181 2414 (17)
1215 2358 1294 2400 καὶ
1325 2357 1501 2401 τούτων
1535 2354 1670 2400 ἕνεκα
1702 2354 1800 2411 κρί-

109 2431 272 2459 νονται
311 2412 424 2471 παρ’
461 2415 650 2472 ἡγεμόσι
700 2418 779 2460 καὶ
826 2415 1004 2475 φόβους
1050 2414 1346 2472 ὑπομένουσι.
1410 2415 1454 2460 οἱ
1498 2415 1550 2460 δὲ
1595 2415 1676 2459 καὶ
1723 2422 1803 2471 τῆς

108 2473 331 2530 πατρίδος
363 2475 728 2531 ἀπελαύνονται,
768 2478 848 2520 καὶ
889 2478 1058 2533 μᾶλλον
1092 2477 1132 2520 εἰ
1164 2477 1214 2520 ἐν
1248 2474 1393 2530 ὁρίοις
1425 2474 1613 2530 Κρόνου
1645 2472 1673 2530 ἣ
1707 2481 1803 2524 τοῖς

110 2532 252 2584 ἰδίοις
281 2533 428 2590 ὁρίοις
460 2535 576 2579 εἰσὶν
610 2534 637 2591 ἢ
670 2542 752 2580 τοῦ
780 2534 953 2591 Ἑρμοῦ
987 2537 1036 2580 ἐν
1071 2533 1210 2587 ἰδίοις
1241 2534 1437 2594 ζῳδίοις.

232 2717 284 2755 12
327 2713 556 2757 consortio
596 2713 854 2771 iunguntur
893 2716 932 2756 Δ
992 2715 996 2769 Ι
1055 2726 1238 2769 semper
1276 2711 1407 2769 gravi
1447 2711 1605 2755 fenore
1642 2714 1681 2754 Δ

112 2775 166 2814 13
198 2771 375 2815 indicia
404 2775 450 2816 Γ
567 2778 620 2816 14
647 2774 726 2816 aut
750 2773 790 2831 ζ]
816 2774 869 2815 ut
896 2777 902 2826 Ι
929 2772 1132 2829 possessi
1156 2771 1279 2829 AN]
1304 2772 1464 2827 posset
1488 2771 1526 2814 si
1651 2775 1703 2814 18
1729 2771 1800 2813 in-

112 2832 274 2886 surgat
295 2830 373 2888 D2]
399 2832 608 2888 iniurgat
630 2835 708 2874 BG
726 2834 830 2877 Pat.
864 2831 1082 2888 iniungat
1106 2830 1155 2874 A'
1190 2831 1443 2887 iniungant
1468 2833 1506 2873 Δ
1615 2835 1666 2872 19
1694 2829 1799 2872 sub-

110 2889 222 2933 iecti
253 2891 422 2948 AND2]
458 2891 657 2934 subiecit
785 2896 838 2933 21
873 2891 1041 2935 excidit
1069 2892 1191 2935 velut
1222 2890 1286 2949 <a
1310 2890 1466 2946 patria
1491 2902 1574 2932 sua
1600 2888 1799 2946 fugiti->

110 2948 178 2991 vis
211 2951 234 3001 ζ
288 2950 294 3007 Ι
352 2951 418 2992 vis
455 2950 521 3007 Γ]
553 2950 644 2992 hiis
677 2952 743 2995 vel
774 2950 833 2993 iis
858 2952 897 2992 Δ
931 2952 977 3006 (a
1009 2950 1104 2993 suis
1137 2953 1179 3003 a)
