2090 3198
816 137 925 182 Vm
956 142 1030 193 27,
1053 150 1168 182 1—7.
1731 137 1834 189 341

147 260 352 330 gittarii
398 258 720 327 quicumque
766 258 1016 311 habuerit
1062 259 1447 326 horoscopum,
1495 278 1520 306 *
1540 278 1566 305 »ι
1586 279 1611 305 »ι
1652 259 1841 327 parici-

147 334 253 386 dali
300 350 579 403 possessus
625 333 897 401 interficit,
943 335 997 384 et
1042 331 1157 397 ipse
1195 330 1544 384 biothanatus
1582 331 1838 384 interibit.

146 406 205 459 In
241 410 392 476 parte
422 405 565 459 XIV
593 405 872 477 Sagittarii
905 406 1226 475 quicumque
1265 405 1552 458 habuerint
1589 405 1840 459 horosco-

145 500 289 550 pum,
336 480 631 533 citharoedi
678 484 835 534 erunt
881 479 1112 549 publicis
1159 479 1528 547 voluptatibus
1579 479 1840 549 deputati·

102 576 121 608 5
145 555 339 609 vitium
370 554 690 608 habebunt
676 574 733 608 111
765 554 934 608 oculo.
987 552 1051 606 In
1081 556 1231 622 parte
1263 552 1379 606 XV
1413 551 1694 624 Sagittarii
1727 553 1841 622 qui·
1858 551 1892 605 5

147 646 375 697 cumque
414 628 662 681 habuerit
699 628 1070 696 horoscopum,
1110 629 1213 680 erit
1250 628 1591 680 mechanicus
1632 628 1726 696 qui
1764 627 1840 679 in-

146 706 440 756 strumenta
485 702 643 755 benis
688 703 851 755 faciat
894 702 1212 771 necessaria3
1267 701 1527 765 morietur
1574 702 1735 754 etiam
1783 702 1839 753 in
1886 760 1888 762 ,

144 778 301 829 bello.
378 777 441 828 In
495 780 647 845 parte
694 775 837 828 XVI.
880 775 1159 846 Sagittarii
1214 775 1538 845 quicumque
1592 775 1841 828 habuerit

143 851 519 921 horoscopum,
559 851 604 903 si
643 850 787 903 Mars
819 851 876 903 in
907 851 1025 919 ipsa
1053 853 1207 918 parte
1238 849 1402 902 fuerit
1433 850 1699 918 inventus,
1730 849 1841 902 lan-

79 946 122 979 10
147 929 326 978 ceatus
358 925 633 992 morietur,
662 924 863 977 femina
894 942 1020 976 vero
1053 925 1109 975 in
1140 927 1300 992 partu
1332 924 1554 978 deficiet.
1595 922 1660 976 In
1690 927 1841 993 parte

143 997 313 1052 XVII.
333 997 615 1069 Sagittarii
640 999 964 1067 quicumque
986 998 1272 1051 habuerint
1295 997 1668 1067 horoscopum,
1684 1002 1841 1050 erunt

145 1073 399 1142 athletae3
439 1073 485 1126 si
523 1073 668 1125 Mars
709 1073 1080 1125 testimonium
1116 1072 1467 1141 perhibuerit,
1505 1076 2024 1139 venatores3f01·112'‘1

146 1147 191 1199 si
230 1145 491 1216 Iuppiter,
531 1165 791 1216 equorum
832 1147 1080 1199 cultores,
1142 1145 1207 1198 In
1244 1149 1395 1215 parte
1435 1145 1633 1199 XVIII.
1668 1142 1839 1217 Sagitss
1861 1145 1892 1196 6

145 1221 269 1274 tarii
318 1221 641 1290 quicumque
695 1220 944 1274 habuerit
996 1220 1380 1305 horoscopum,
1428 1221 1530 1273 erit
1585 1222 1672 1272 fur
1724 1239 1842 1290 per-

80 1316 122 1348 15
147 1296 296 1348 iurus
342 1295 627 1348 malivolus
673 1296 968 1365 malignus;
1015 1295 1128 1347 sine
1175 1293 1300 1346 filiis
1345 1294 1691 1348 biothanatus
1729 1312 1843 1346 mo

147 1371 327 1422 rietur.
405 1369 470 1421 In
515 1372 666 1438 parte
712 1368 854 1422 XIX.
896 1368 1176 1439 Sagittarii
1224 1368 1545 1438 quicumque
1590 1362 1842 1421 habuerit

146 1443 520 1512 horoscopum,
552 1444 655 1496 erit
685 1445 1070 1512 pancratiastas
1104 1443 1217 1495 sine
1248 1442 1388 1495 filiis.
1447 1441 1513 1495 In
1543 1442 1657 1495 XX.
1689 1446 1841 1526 parte
1882 1511 1884 1514 y

148 1517 427 1588 Sagittarii
451 1518 774 1586 quicumque
802 1517 1088 1570 habuerint
1119 1518 1496 1586 horoscopum,
1527 1520 1683 1569 erunt
1715 1517 1841 1569 nani

147 1591 423 1663 gibberosi
455 1591 683 1645 ridiculi.
746 1591 810 1644 In
839 1589 983 1644 XXI.
1016 1594 1168 1660 parte
1201 1590 1479 1662 Sagittarii
1520 1592 1841 1660 quicumque

78 1686 122 1719 20
145 1666 431 1718 habuerint
484 1666 860 1735 horoscopum,
907 1667 1139 1718 multum
1194 1665 1607 1735 manducabunt,
1655 1669 1706 1717 et
1756 1684 1840 1717 res

146 1740 348 1793 alienas
404 1740 760 1810 abnegabunt.
850 1738 914 1791 In
964 1739 1135 1792 XXII.
1182 1743 1335 1808 parte
1391 1738 1671 1810 Sagittarii
1727 1739 1840 1808 qui·
1861 1740 1890 1790 7

146 1832 373 1883 cumque
403 1814 689 1868 habuerint
719 1813 1096 1883 horoscopum,
1121 1816 1167 1866 si
1190 1812 1434 1882 Iuppiter
1458 1814 1513 1866 in
1538 1814 1655 1882 ipsa
1686 1817 1839 1882 parte

144 1888 307 1940 fuerit
352 1889 617 1957 inventus,
672 1892 829 1940 erunt
883 1889 1066 1958 magni
1119 1891 1366 1957 potentes
1411 1888 1623 1940 infinita
1670 1891 1840 1941 terrae

147 1963 320 2030 spatia
351 1962 700 2030 possidenteS,
740 1966 793 2014 et
826 1962 1019 2030 quibus
1051 1961 1292 2031 peditum
1326 1963 1672 2031 equitumque
1718 1979 1839 2015 con-

79 2056 121 2090 25
147 2036 430 2088 mittantur
468 2037 746 2089 exercitus
807 2035 1137 2103 Frequenter
1176 2037 1336 2089 etiam
1376 2036 1563 2088 navale
1603 2036 1712 2088 illis
1745 2037 1839 2088 im-

268 2202 288 2238 1
324 2197 491 2240 eoecidit
521 2197 614 2250 fere
643 2198 827 2252 patrem
867 2196 1035 2239 furoris
1076 2196 1281 2240 amentia
1313 2198 1338 2248 ζ
1413 2197 1419 2253 Ι
1499 2195 1771 2252 parricidali
1802 2199 1839 2238 Δ

144 2254 436 2310 parricidiali
467 2261 502 2297 D
549 2255 775 2311 parridali
809 2260 890 2297 Gn
1071 2260 1096 2298 2
1145 2255 1366 2299 interficit
1396 2254 1468 2313 A']
1522 2255 1771 2298 interfectu
1805 2259 1838 2296 G

145 2313 341 2358 interitu
372 2317 412 2357 Δ
537 2320 562 2357 5
594 2314 835 2358 habebunt
866 2329 949 2359 om.
974 2315 1032 2357 1³¹
1057 2320 1164 2371 post
1186 2314 1319 2358 oculo
1336 2329 1446 2370 pon.
1474 2313 1579 2356 ΝΠ
1702 2318 1724 2357 7
1759 2327 1839 2357 ne-

147 2372 350 2416 cessaria
380 2373 525 2417 faciet
559 2376 606 2417 Γ
744 2378 769 2417 9
801 2373 1042 2417 lanceatus
1075 2377 1112 2416 A
1144 2379 1184 2418 et
1213 2378 1253 2416 N
1285 2374 1374 2429 (hic
1403 2373 1608 2417 lanceati
1639 2373 1839 2417 morien-

145 2432 258 2490 tur)]
290 2432 528 2477 laureatus
560 2438 596 2475 D
641 2432 873 2476 laceratus
907 2437 979 2475 Gv
1102 2437 1157 2476 10
1187 2433 1411 2476 morietur
1442 2432 1585 2476 etiam
1617 2435 1681 2488 (et
1703 2436 1756 2488 D)
1789 2433 1837 2476 in

145 2491 269 2534 bello
301 2494 341 2534 Δ
498 2496 550 2534 15
582 2491 817 2550 malignus
848 2491 1093 2536 malivolus
1125 2495 1165 2535 Δ
1233 2496 1239 2545 Ι
1305 2492 1529 2536 morietur
1559 2506 1642 2535 om.
1679 2494 1725 2534 Γ

149 2556 201 2594 16
235 2550 485 2594 habuerint
515 2555 592 2593 Ην
744 2556 796 2593 17
838 2553 973 2595 erunt
1005 2554 1085 2595 Av
1142 2554 1148 2607 Ι
1205 2552 1548 2607 pancratiastes
1579 2551 1676 2607 nos]
1723 2564 1838 2605 pan-

147 2612 321 2653 crastes
349 2614 389 2651 N
419 2609 699 2666 panchraste
727 2613 773 2653 Γ
798 2613 1077 2666 panacraste
1100 2611 1159 2653 1³¹
1189 2612 1434 2666 pancraste
1459 2609 1519 2652 12²
1653 2614 1707 2652 18
1740 2610 1835 2653 hor.

147 2668 252 2711 hab.
284 2671 330 2712 Γ
469 2674 523 2712 19
557 2669 711 2725 gibosi
740 2675 775 2711 D
815 2669 1001 2726 gibbosi
1031 2674 1108 2712 Ην
1259 2673 1315 2712 20
1346 2669 1662 2713 vendicabunt
1694 2682 1719 2711 σ

146 2733 200 2770 21
236 2728 474 2783 abnegant
501 2730 541 2771 Δ
665 2732 721 2770 24
754 2730 802 2771 et
832 2727 1001 2783 quibus
1033 2729 1245 2784 peditum
1277 2728 1581 2784 equitumque
1611 2727 1668 2785 N]
1702 2729 1838 2771 erunt

145 2786 330 2842 pedites
363 2786 573 2842 equitum
644 2790 653 2844 Ι
723 2788 1075 2831 committantur
1106 2789 1146 2845 ζ]
1194 2787 1515 2831 committatur
1546 2790 1582 2828 A
1626 2786 1838 2830 commit-

146 2848 304 2888 tentur
335 2848 375 2888 A
409 2851 451 2890 et
482 2850 516 2888 G
547 2847 628 2902 qui
659 2851 764 2890 ante
795 2846 1005 2902 equitum
1029 2849 1166 2903 ponit
1297 2851 1352 2889 25
1386 2846 1526 2889 etiam
1557 2846 1622 2902 Γ]
1656 2847 1703 2888 et
1735 2848 1774 2889 A
1827 2848 1830 2866 ¹

146 2904 240 2947 illis
273 2905 438 2948 navale
470 2905 519 2946 A'
579 2908 585 2961 Ι
642 2905 889 2961 imperium
921 2906 968 2964 κ]
1000 2905 1227 2961 proelium
