2066 3192
256 135 360 188 100
974 134 1203 181 FIRMJCI

250 257 395 309 tione
433 257 742 326 respexerit,
790 256 950 310 faciet
995 257 1098 310 ista
1145 255 1450 310 coniunctio
1488 258 1705 310 levitate
1743 257 1936 311 mentis

250 330 541 399 instabiles,
592 333 644 382 et
686 330 908 383 consilia
946 349 1129 384 eorum
1168 330 1270 384 hac
1308 334 1468 400 atque
1506 332 1629 384 illac
1667 331 1815 384 varia
1853 349 1937 384 co-

250 403 508 475 gitatione
533 404 857 473 transvertit,
888 423 986 458 nec
1010 405 1219 458 animus
1245 422 1427 458 eorum
1459 405 1746 475 aliquando
1778 406 1936 458 unius

250 478 461 532 consilii
499 479 760 531 rationem
799 482 995 531 utatur.

197 554 234 606 4
360 553 509 606 Haec
554 554 612 606 in
657 552 916 623 genituris
963 554 1241 606 hominum
1288 554 1522 606 decernit
1561 553 1819 623 quadrata
1856 571 1936 605 ra·
1983 575 2002 607 5

250 627 431 695 diatiO,
476 626 572 680 has
620 645 685 679 ex
731 628 1004 695 quadratis
1050 627 1308 680 lateribus
1355 629 1645 681 sententias
1692 645 1788 697 per
1826 627 1936 679 dies

179 740 183 742 -
250 701 489 771 singulos
539 702 772 754 fatorum
823 702 1024 770 promit
1075 704 1376 755 auctoritas.
1455 701 1596 765 Quas
1648 700 1936 755 sententias

249 776 306 827 in
338 776 484 828 omni
520 779 753 828 tractatu
792 776 952 830 debes
993 776 1276 847 diligenter
1314 777 1589 846 inspicere,
1627 775 1937 845 praesertim

250 868 370 902 cum
415 849 547 903 haec
594 850 776 902 eadem
822 851 1078 918 quadrata
1125 851 1390 903 inmutato
1437 853 1715 903 stellarum
1755 849 1938 902 ordine

249 924 410 977 etiam
450 927 774 977 statutorum
812 923 1011 977 faciant
1051 925 1259 978 decreta
1298 926 1506 977 mutari.
1963 946 2005 978 10

197 998 232 1051 5
363 997 467 1050 Sed
494 998 578 1052 his
612 998 890 1068 explicatis
924 998 1306 1052 diametrorum
1339 999 1601 1053 efficacias
1638 999 1939 1069 specialiter

248 1072 543 1143 explicabo,
622 1072 767 1135 Quae
825 1076 1002 1125 autem
1061 1074 1169 1125 sint
1239 1074 1424 1125 dextra
1487 1074 1743 1142 quadrata
1805 1091 1938 1142 quae

248 1147 479 1216 sinistra,
518 1148 575 1200 in
621 1147 978 1200 institutionis
1024 1147 1164 1200 libro
1211 1148 1645 1201 manifestissime
1694 1147 1939 1200 diximus.

86 1352 228 1397 s01.72v
237 1355 261 1387 Ι
1039 1340 1155 1393 XV.

201 1446 229 1498 1
361 1444 698 1515 [Saturnus
762 1447 822 1496 et
875 1443 1170 1514 Iuppiter
1224 1444 1561 1514 diametri]
1647 1443 1754 1514 [Si]
1817 1443 1939 1496 Dia·
1964 1465 2006 1498 15

248 1522 419 1572 metra
467 1518 811 1588 radiatio[ne]
869 1519 1134 1572 contraria
1189 1536 1245 1571 se
1298 1522 1563 1588 potestate
1612 1536 1819 1588 semper
1865 1519 1940 1570 in-

248 1597 468 1663 pugnat,
508 1597 561 1646 et
599 1593 815 1645 inimico
857 1597 1042 1646 contra
1083 1611 1137 1646 se
1177 1611 1367 1663 genere
1409 1593 1674 1645 societatis
1715 1593 1940 1663 exurgit,

197 1669 231 1720 2
250 1671 302 1720 et
333 1669 451 1736 ipsa
482 1668 662 1736 itaque
697 1669 834 1720 sicut
868 1668 1124 1736 quadrata
1155 1667 1335 1720 minax
1366 1667 1590 1720 radiatio
1625 1671 1716 1720 est.
1786 1666 1940 1719 Unde

251 1741 510 1795 Saturnus
558 1746 612 1794 et
656 1740 897 1811 Iuppiter
944 1743 988 1794 si
1037 1742 1295 1793 diametra
1339 1759 1393 1794 se
1431 1742 1727 1794 radiatione
1766 1759 1939 1809 respe-

249 1817 439 1885 xerint,
472 1819 524 1868 et
555 1816 611 1868 in
644 1816 926 1869 contrariis
960 1815 1240 1869 constituti
1271 1816 1403 1869 locis
1435 1816 1597 1887 longa
1630 1834 1683 1869 se
1715 1816 1939 1867 invicem
1965 1837 2007 1868 20

248 1891 443 1944 virium
491 1908 706 1942 suarum
753 1893 1020 1961 potestate
1066 1889 1410 1959 pulsaverint,
1461 1890 1517 1941 in
1565 1890 1813 1943 omnibus
1860 1907 1941 1941 ac-

248 1965 393 2017 tibus
432 1965 536 2017 ista
575 1965 880 2017 coniunctio
915 1964 1085 2016 multa
1129 1963 1546 2016 infortuniorum
1588 1964 1822 2017 decernit
1855 1982 1939 2015 ex-

248 2039 359 2108 itia,
399 2042 450 2091 et
490 2057 554 2091 ex
593 2057 719 2091 casu
758 2039 994 2092 filiorum
1033 2038 1220 2091 acerba
1260 2037 1457 2090 doloris
1498 2042 1764 2091 tormenta
1803 2056 1938 2090 sem-

370 2235 391 2273 1
429 2233 533 2284 180,
558 2234 581 2272 1
624 2228 832 2284 κούφους
871 2228 920 2273 ἐν
951 2235 1047 2279 τοῖς
1080 2227 1401 2286 βουλεύμασιν,
1434 2227 1572 2273 οὐδὲν
1604 2227 1830 2278 εὐσταθὲς
1860 2227 1933 2271 ἐν·

250 2296 496 2339 νοοῦντας·
547 2288 620 2333 διὸ
660 2288 739 2331 καὶ
779 2287 823 2331 οἱ
862 2285 1149 2345 βουλόμενοι,
1190 2286 1307 2331 ὅπου
1349 2285 1409 2330 ἂν
1441 2287 1711 2346 βούλωνται,
1744 2287 1937 2337 τούτους

248 2348 645 2404 περιστρέφουσιν.
769 2351 822 2390 21
859 2351 961 2401 164,
988 2351 1050 2392 25
1089 2347 1310 2405 βλαβερὸς
1352 2343 1435 2402 μὲν
1476 2347 1582 2402 περὶ
1620 2345 1703 2396 τὰς
1733 2345 1939 2402 πράξεις,

251 2411 387 2452 λυπεῖ
415 2406 466 2451 δὲ
497 2407 605 2457 τοὺς
637 2413 789 2464 γονεῖς
822 2405 897 2450 ἐπὶ
927 2405 1081 2450 τέκνα.

372 2590 393 2627 1
437 2584 528 2628 ista
567 2584 712 2628 faciet
742 2587 782 2628 Δ
841 2585 847 2640 Ι
905 2583 1146 2627 levitatem
1177 2597 1289 2628 corr.
1316 2599 1343 2626 a
1495 2588 1519 2626 2
1554 2582 1746 2627 stabiles
1779 2585 1819 2626 Δ

253 2649 276 2688 3
310 2644 413 2702 nec]
445 2659 503 2687 ne
536 2662 562 2687 κ
694 2648 720 2686 4
751 2643 932 2686 ratione
964 2645 1003 2686 Δ
1147 2647 1171 2685 5
1204 2642 1404 2686 radiatio
1437 2646 1473 2684 Δ
1506 2648 1546 2687 et
1575 2647 1610 2685 D
1641 2642 1753 2699 raa]
1785 2641 1939 2684 radia-

250 2703 378 2746 tione
511 2709 535 2746 9
569 2703 800 2746 inmutato
833 2701 955 2759 ΝΘ]
996 2701 1245 2745 inmutatio
1303 2703 1309 2757 Ι
1367 2701 1577 2745 ordinem
1608 2703 1648 2744 A
1783 2705 1837 2744 10
1869 2700 1938 2743 fa-

253 2762 377 2805 cient
411 2776 524 2807 eorr.
557 2778 584 2804 a
706 2767 759 2806 12
793 2761 1020 2804 intimabo
1054 2764 1093 2803 A
1153 2763 1158 2815 Ι
1216 2762 1272 2814 ef.
1306 2762 1337 2804 I
1367 2765 1439 2814 70,
1464 2773 1485 2803 3
1608 2764 1659 2803 15
1693 2766 1735 2804 et
1766 2765 1819 2802 16
1852 2760 1934 2803 del.

251 2824 275 2872 ζ
425 2827 477 2864 16
514 2821 777 2866 radiatione
811 2819 1035 2864 Saturnus
1068 2821 1115 2862 et
1145 2820 1323 2875 Iupiter
1354 2821 1496 2863 contr.
1531 2822 1570 2862 A
1629 2822 1635 2875 Ι
1692 2819 1939 2874 impugnat

256 2881 321 2937 Γ]
354 2880 698 2936 impugnaverit
730 2882 769 2923 A
896 2884 948 2921 19
981 2878 1242 2922 radiatione
1275 2892 1322 2921 se
1354 2881 1394 2921 A
1453 2880 1459 2935 Ι
1515 2877 1771 2934 respexerit
1801 2882 1880 2919 BG

253 2944 308 2981 20
341 2939 683 2982 constituantur
714 2941 752 2982 A
