2066 3192
271 143 343 195 84
996 140 1226 186 FIRMICI

272 282 479 333 semper
526 263 790 332 indicunt,
843 265 905 316 ut
953 263 1181 316 mixtum
1234 262 1496 317 caloribus
1545 264 1718 334 frigus
1765 281 1957 333 cor-pus

272 357 455 391 eorum
508 337 725 390 horrida
779 337 1179 390 continuatione
1232 339 1514 392 concutiat.
1607 336 1711 390 Sed
1765 341 1818 390 et
1869 357 1957 407 pa-

270 416 452 465 ternae
501 410 827 465 substantiae
871 411 1152 464 facultates
1192 411 1453 480 dilapidat
1491 412 1594 464 ista
1638 411 1957 480 coniunctiO,

271 487 394 556 <et>
431 486 658 538 fratrum
695 488 894 538 mortes
935 487 1085 555 gravi
1126 485 1544 538 infortuniorum
1584 504 1710 539 casu
1749 503 1958 555 semper

221 564 253 616 6
272 561 573 615 ostendunt.
644 558 702 613 Si
740 577 864 612 vero
904 559 1046 612 Mars
1081 561 1324 629 superior
1362 561 1580 614 effectus
1620 564 1674 613 et
1712 560 1956 613 dextrum
2003 583 2023 617 5

269 634 546 704 possidens
585 634 727 686 latus
767 632 1056 687 Saturnum
1087 634 1144 686 in
1175 634 1415 687 inferiori
1446 635 1564 688 loco
1605 635 1955 688 constitutum

272 709 529 778 quadrata
574 707 868 762 radiatione
906 709 1214 778 respexerit,
1259 710 1418 761 matri
1467 727 1531 761 ex
1570 710 1672 761 ista
1711 709 1956 761 coniunc-

270 784 418 837 tione
456 784 623 835 citum
662 783 850 835 mortis
889 786 1235 851 praeparatur
1273 784 1510 836 exitium.
1583 782 1687 835 Sed
1725 785 1859 836 istos
1890 784 1956 835 ad

272 876 456 910 omnes
502 860 652 910 actus
694 857 936 926 prosperi
982 860 1204 910 conatus
1244 858 1434 910 efficax
1473 857 1707 910 studium
1749 876 1957 926 semper

222 934 251 986 7
272 932 499 1001 adducit,
539 932 685 984 omni
722 931 842 984 labe
881 932 1073 999 prioris
1112 931 1348 984 malitiae
1387 933 1578 1001 sopita.
1649 931 1752 985 Sed
1786 931 1956 985 nihilo
1982 955 2023 988 ιο

271 1007 446 1059 minus
495 1009 717 1075 paterna
767 1005 1068 1058 substantia
1113 1007 1275 1058 etiam
1322 1024 1386 1058 ex
1432 1008 1536 1059 ista
1582 1006 1956 1059 coniunctione

272 1081 610 1151 dispergitur.
688 1079 792 1133 Sed
837 1083 892 1132 et
936 1080 1042 1149 ipsi
1081 1080 1292 1132 assidua
1331 1081 1645 1133 damnorum
1685 1081 1957 1134 continua—

269 1156 416 1208 tione
457 1155 795 1224 quatiuntur,
842 1158 895 1206 et
941 1172 1149 1223 semper
1186 1154 1295 1207 illis
1335 1155 1749 1208 domesticorum
1788 1155 1956 1208 homi-

269 1249 398 1282 num
437 1229 736 1299 inprobitas
777 1229 1073 1299 malignum
1112 1228 1362 1282 infamiae
1401 1231 1594 1283 vulnus
1633 1229 1844 1300 infligit.

221 1306 253 1358 8
384 1303 720 1373 [Saturnus
761 1307 821 1355 et
861 1301 968 1355 Sol
1009 1303 1345 1373 quadrati]
1394 1302 1452 1357 Si
1485 1302 1746 1357 Saturnus
1778 1307 1831 1357 et
1865 1302 1957 1356 Sol
1981 1328 2022 1362 15

272 1379 530 1447 quadrata
567 1378 767 1430 fuerint
805 1377 1102 1430 radiatione
1135 1378 1420 1448 coniuncti,
1460 1381 1512 1431 et
1545 1377 1804 1431 Saturnus
1837 1378 1956 1430 dex—

271 1453 342 1505 tri
389 1453 635 1521 quadrati
682 1452 1007 1520 superiorem
1054 1453 1331 1521 possidens
1380 1457 1586 1522 partem
1634 1453 1690 1505 in
1737 1452 1955 1504 sinistro

273 1527 531 1596 quadrato
573 1526 750 1579 Solem
796 1527 1033 1595 positum
1078 1526 1274 1579 minaci
1316 1527 1610 1580 radiatione
1649 1527 1957 1595 respexerit,

271 1601 632 1670 praecedentis
679 1601 897 1653 honoris
941 1600 1174 1671 insignia
1213 1600 1457 1653 debilitat
1494 1602 1597 1653 ista
1638 1601 1955 1670 coniunctiO,

273 1679 324 1728 et
371 1676 628 1728 iacturam
674 1675 952 1744 dignitatis
992 1693 1112 1728 cum
1153 1675 1340 1727 acerbo
1381 1675 1698 1728 detrimento
1738 1677 1956 1728 honoris
1981 1702 2024 1734 20

272 1749 474 1816 indicit,
513 1753 566 1802 et
601 1767 792 1818 corpus
825 1767 1008 1802 eorum
1038 1749 1250 1802 assidua
1279 1767 1563 1802 nervorum
1595 1749 1957 1802 contractione

221 1824 548 1877 9deformat.
626 1822 728 1876 Sed
775 1827 828 1876 et
867 1826 1113 1892 parentes
1153 1841 1333 1876 eorum
1373 1823 1471 1875 hac
1512 1823 1693 1875 eadem
1731 1823 1957 1877 infortu-

271 2001 437 2037 τοντας
467 1985 547 2028 καὶ
578 1988 764 2035 πυκνῶς
788 1991 1055 2043 νοσοῦντας,
1081 1983 1347 2039 ἀπράκτους
1371 1984 1436 2039 δέ,
1468 1985 1548 2029 καὶ
1581 1987 1641 2042 (1)
1673 1984 1731 2029 τὰ
1754 1984 1956 2040 πατρικὰ

272 2044 480 2101 κτήματα
512 2043 749 2100 ἀφανίζει·
796 2036 1033 2088 θάπτουσι
1065 2042 1115 2088 δὲ
1148 2044 1224 2088 καὶ
1257 2043 1341 2094 τὰς
1372 2044 1549 2088 ἑαυτῶν
1581 2052 1819 2101 γυναῖκας.
1873 2050 1954 2088 τοῦ

274 2105 325 2148 δὲ
349 2102 510 2160 ’Ἄρεως
539 2104 621 2148 τὸν
653 2103 842 2159 Κρόνον
878 2107 1340 2159 καθυπερτεροῦντος
1377 2103 1467 2159 πρὸ
1498 2109 1580 2160 τῆς
1610 2104 1778 2160 μητρὸς
1807 2106 1957 2147 τελευ-

272 2166 330 2225 τᾷ
370 2163 394 2207 ὁ
433 2162 599 2218 πατήρ.
668 2163 775 2218 περὶ
823 2161 874 2206 δὲ
922 2162 1004 2213 τὰς
1045 2162 1266 2236 βιωτικὰς
1299 2162 1488 2218 πράξεις
1529 2162 1709 2220 ἐνεργές
1746 2165 1868 2207 ἐστιν
1904 2163 1955 2206 τὸ

272 2230 486 2267 τοιοῦτον
529 2229 699 2297 σχῆμα·
773 2221 830 2265 τὰ
874 2219 1028 2278 μέντοι
1074 2221 1276 2277 πατρικὰ
1326 2222 1535 2278 κτήματα
1577 2223 1657 2266 καὶ
1700 2239 1845 2273 ουτως
1887 2220 1956 2265 ὄλ

275 2285 456 2327 λυνται·
513 2284 604 2338 (12)
638 2281 682 2326 οἱ
713 2288 916 2326 τοιοῦτοι
949 2280 1000 2325 δὲ
1031 2281 1111 2325 καὶ
1144 2281 1191 2334 ἐξ
1223 2279 1407 2326 οἰκείων
1440 2285 1749 2337 φθονοῦνται.

277 2347 329 2384 19
363 2346 466 2394 166,
489 2345 521 2386 2
549 2341 655 2396 περὶ
685 2341 767 2384 τὸν
798 2339 978 2396 πατέρα
1011 2341 1231 2391 ἔκπτωσις
1262 2339 1365 2398 βίου
1391 2339 1564 2385 ἔσται
1537 2358 1576 2412 η
1603 2338 1822 2415 σπασμρς,
1845 2356 1957 2396 προ-

274 2400 455 2457 τελευτὴ
489 2400 540 2445 δὲ
571 2401 651 2444 καὶ
681 2397 772 2455 πρὸ
805 2406 884 2456 τῆς
915 2397 1103 2473 μητρός·
1144 2401 1251 2454 περὶ
1291 2400 1340 2444 δὲ
1379 2399 1463 2456 τὴν
1495 2397 1710 2457 γέννησιν
1742 2399 1844 2456 ἥτοι
1875 2400 1957 2444 τὸν

273 2459 497 2517 τεχθέντα
531 2460 776 2516 σφάλματα
810 2459 859 2504 ἐν
891 2462 952 2517 τῷ
986 2456 1069 2518 βίῳ
1101 2460 1181 2502 καὶ
1212 2458 1367 2517 ύβρεις
1404 2459 1534 2514 παρὰ
1571 2462 1769 2504 πολλῶν·

394 2597 418 2634 3
452 2592 775 2636 coniunctione
807 2606 919 2637 corr.
946 2608 972 2634 a.
1063 2597 1090 2634 4
1122 2592 1228 2636 add.
1254 2608 1280 2635 a
1306 2594 1395 2648 (ac)
1423 2593 1430 2648 Ι
1458 2605 1591 2635 casus
1620 2595 1666 2636 Γ
1751 2598 1775 2635 5
1802 2594 1957 2635 osten-

276 2651 346 2695 dit
377 2668 404 2694 a.
502 2657 527 2694 6
559 2651 608 2694 in
640 2667 722 2696 om.
748 2653 1050 2695 NBGPatav.
1152 2655 1178 2695 8
1210 2653 1402 2708 paratur
1433 2652 1607 2695 exitum
1638 2654 1678 2694 Δ
1772 2656 1796 2694 9
1829 2665 1956 2708 pros·

274 2711 375 2766 peri
407 2711 485 2768 κσ]
519 2724 739 2767 prospere
770 2715 808 2753 A
838 2723 1059 2766 prospera
1089 2717 1167 2755 cet.
1256 2715 1307 2754 10
1341 2712 1466 2754 omni
1498 2711 1553 2768 A]
1586 2710 1742 2754 omnia
1769 2712 1775 2766 Ι
1803 2710 1957 2766 sopita

275 2771 330 2828 A]
365 2770 564 2826 sospitas
597 2775 672 2814 eet.
704 2772 750 2814 Γ
777 2769 952 2826 sopitas
985 2771 1051 2813 vel
1083 2770 1261 2826 sapitas
1294 2772 1333 2812 Δ
1374 2771 1379 2825 Ι
1420 2769 1511 2813 Sed
1542 2770 1599 2827 N]
1633 2771 1680 2812 et
1801 2775 1854 2812 12
1889 2769 1956 2812 di-

276 2828 511 2885 spargitur
533 2833 611 2870 BG
656 2832 667 2885 1
718 2831 765 2872 et
789 2843 871 2872 om.
890 2831 928 2871 Δ
1055 2833 1108 2871 13
1132 2828 1373 2872 hominum
1397 2831 1419 2881 ζ
1441 2830 1492 2873 el.
1511 2833 1584 2883 85,
1602 2829 1662 2887 10]
1690 2842 1896 2872 rumores
1917 2829 1963 2870 Γ

275 2902 509 2931 rumorum
527 2887 708 2932 dolores
724 2893 763 2930 N
780 2887 961 2931 dolores
993 2892 1028 2929 Ι)
1092 2893 1145 2931 16
1172 2888 1332 2931 dextro
1349 2902 1460 2932 corr.
1487 2904 1514 2930 a
1578 2893 1627 2930 17
1648 2888 1819 2943 possid,
1837 2888 1953 2943 part.

277 2962 374 3003 sup.
402 2950 441 2990 A
535 2951 590 2990 20
615 2947 801 2990 honoris
835 2947 878 3005 σ]
903 2947 1085 3002 generis
1178 2952 1231 2989 22
1264 2947 1353 2990 hac
1385 2947 1548 2990 eadem
1573 2947 1627 3004 A]
1652 2947 1768 2990 haec
1794 2947 1956 2990 eadem
