2100 3186
315 136 424 188 220
1046 135 1275 180 FIRMICI

314 257 549 309 filiorum
588 256 872 325 invenitur,
911 258 968 309 in
1008 257 1207 326 duplici
1248 257 1402 328 signo
1441 257 1604 310 fuerit
1642 257 1905 327 inventUS,
1936 256 2001 309 V.

314 348 438 383 vero
479 331 545 382 ab
585 330 886 399 horoscopo
925 332 1075 384 locus
1114 331 1170 383 in
1210 331 1411 400 duplici
1441 330 1582 399 <sit>
1613 331 1768 401 signo
1809 330 2003 384 consti-

315 409 480 472 tutus,
518 407 572 457 et
604 405 810 458 Lunam
851 405 908 459 in
948 405 1147 474 duplici
1187 406 1341 475 signo
1383 406 1728 458 constitutam
1759 403 2004 473 Iuppiter

315 482 406 531 aut
437 478 731 531 Mercurius
771 497 1104 548 quacumque
1143 479 1440 533 radiatione
1477 479 1784 548 respiciant,
1827 481 1920 531 aut
1957 479 2003 530 si

315 571 434 605 cum
477 571 538 604 ea
576 553 779 605 fuerint
815 554 1034 622 inventi,
1074 553 1274 623 gemini
1312 557 1609 606 nascentur.
2049 574 2069 607 5

1111 729 1204 784 IV.

264 836 290 886 1
425 833 544 903 [De
585 835 807 887 servili
848 834 1182 906 genitura]
1233 833 1290 886 Si
1321 834 1528 887 Lunam
1560 852 1654 903 per
1686 835 2004 889 diametrum

311 907 455 960 Mars
497 907 824 961 Saturnusve
862 909 1174 978 respiciant,
1219 911 1312 961 aut
1357 927 1496 961 unus
1542 927 1638 978 per
1685 909 2003 962 diametrum

312 983 578 1051 respiciat,
610 983 745 1035 alius
780 1002 834 1036 se
868 984 1126 1050 quadrata
1156 983 1451 1035 radiatione
1482 983 1665 1036 Lunae
1697 984 2003 1054 coniungat,

314 1074 496 1109 servus
550 1061 821 1126 nascetur,
874 1057 1189 1126 praesertim
1230 1057 1275 1108 si
1324 1057 1476 1109 Luna
1524 1058 1576 1108 in
1624 1056 1767 1109 IMC.
1808 1060 1900 1110 aut
1945 1059 2002 1110 in
2028 1077 2070 1110 10

313 1148 502 1183 occasu
556 1131 721 1183 fuerit
770 1132 999 1184 inventa.
1080 1130 1135 1183 Si
1182 1149 1309 1183 vero
1356 1131 1456 1183 hos
1503 1131 1579 1184 sic
1625 1132 1832 1200 positos
1879 1130 2003 1200 Iup-

312 1206 451 1273 piter
496 1223 751 1274 prospera
807 1206 1102 1258 radiatione
1149 1205 1421 1274 respiciat,
1459 1205 1723 1258 libertatis
1770 1207 2005 1273 praemia

263 1279 681 1348 2consequetur.
769 1278 826 1332 Si
890 1278 983 1332 Sol
1045 1283 1097 1331 et
1150 1279 1445 1331 Mercurius
1508 1280 1564 1331 in
1624 1278 1742 1332 MC.
1803 1281 2004 1348 pariter

311 1352 511 1406 fuerint
558 1353 861 1421 constituti,
907 1357 960 1406 et
998 1353 1203 1405 Lunam
1251 1353 1504 1406 malivola
1551 1354 1705 1406 stella
1745 1354 2003 1406 diametra

311 1427 608 1479 radiatione
639 1429 911 1496 respiciat,
943 1427 1237 1480 constituta
1268 1429 1326 1479 in
1357 1428 1754 1492 cacodaemone,
1791 1429 1881 1497 qui
1913 1447 2002 1480 na-
2028 1447 2070 1480 15

310 1505 397 1554 tus
429 1502 592 1554 fuerit
622 1503 836 1554 mulieri
869 1506 1198 1570 supponetur
1230 1501 1467 1555 ancillae.
1532 1501 1589 1553 Si
1612 1519 1738 1554 vero
1763 1500 2005 1571 Iuppiter

313 1594 446 1643 quos
494 1576 725 1628 diximus
780 1594 1036 1645 prospera
1081 1576 1376 1628 radiatione
1422 1576 1693 1644 respiciat,
1741 1577 2003 1645 ingenuae

152 1661 323 1702 fol-⁹1²²!
344 1649 555 1702 mulieri
604 1653 947 1718 supponetur.
1027 1649 1083 1702 Si
1127 1649 1277 1703 locus
1320 1649 1587 1702 Fortunae
1627 1650 1684 1701 in
1722 1650 2003 1702 malivolae

312 1724 495 1776 stellae
558 1728 711 1794 signo
774 1725 1041 1792 partiliter
1100 1723 1264 1776 fuerit
1325 1726 1598 1793 inventUS,
1669 1727 1722 1775 et
1783 1724 1840 1776 in
1899 1724 2003 1776 hoc

259 1798 292 1850 3
312 1798 466 1868 signo
506 1798 651 1850 Mars
690 1799 853 1850 fuerit
892 1799 1160 1867 inventUS,
1213 1798 1419 1851 servilis
1460 1798 1560 1850 erit
1598 1798 1702 1850 ista
1741 1798 2002 1867 genitura.
2028 1818 2070 1850 20

312 1870 511 1934 Quodsi
559 1872 701 1924 Mars
758 1873 814 1924 in
867 1872 1132 1925 matutino
1189 1875 1309 1924 ortu
1363 1873 1420 1924 in
1475 1891 1634 1940 supra
1690 1872 1831 1924 dicto
1881 1873 2001 1925 loco

311 1963 432 1998 cum
503 1945 734 2016 Saturno
803 1947 968 1998 fuerit
1036 1947 1284 1998 inventus
1294 1989 1306 2014 ,
1377 1945 1564 1998 infelix
1634 1946 1735 1998 erit
1804 1964 2000 1999 servus.

312 2019 512 2081 Quodsi
551 2020 695 2073 Mars
735 2021 790 2072 in
831 2039 892 2073 eo
944 2021 1062 2072 loco
1105 2039 1209 2088 quo
1252 2021 1481 2072 diximus
1522 2021 1717 2087 (cum)
1753 2020 2003 2073 benivola

312 2094 466 2146 stella
504 2094 667 2146 fuerit
705 2097 968 2163 inventus,
1007 2094 1188 2147 felices
1226 2113 1406 2147 servos
1447 2095 1656 2147 efficiet.
1737 2092 1840 2146 Sed
1872 2097 1924 2146 et
1957 2095 2002 2146 si

309 2168 458 2220 locus
505 2167 771 2221 Fortunae
826 2169 1092 2238 partiliter
1137 2169 1194 2220 in
1238 2168 1414 2220 Leone
1463 2171 1554 2220 aut
1601 2168 1653 2219 in
1703 2168 1863 2220 Libra
1910 2172 2003 2220 aut
2027 2187 2067 2220 25

311 2242 365 2293 in
416 2241 705 2312 Sagittario
761 2247 854 2295 aut
906 2244 962 2295 in
1009 2241 1248 2311 Aquario
1306 2246 1398 2295 aut
1450 2243 1506 2294 in
1554 2240 1793 2294 Geminis
1840 2242 2003 2295 fuerit

431 2407 454 2444 2
489 2403 594 2446 add.
629 2418 655 2445 a
688 2407 810 2458 (post
842 2403 990 2458 signo,
1027 2407 1250 2458 tran-spos.
1283 2405 1321 2457 ζ)
1445 2406 1469 2445 3
1502 2402 1681 2445 Lunam
1715 2436 1723 2445 .
1753 2438 1759 2446 .
1789 2436 1797 2445 .
1832 2402 2002 2445 consti-

311 2464 463 2504 tutam
495 2461 550 2519 N]
584 2462 713 2504 Luna
747 2496 755 2504 .
783 2496 791 2503 .
822 2498 828 2505 .
863 2463 991 2504 -tuta
1041 2464 1046 2517 Ι
1096 2461 1250 2505 Iovem
1283 2464 1364 2504 aut
1397 2461 1677 2504 Mercurium
1713 2463 1758 2504 Γ
1872 2466 1899 2503 4
1931 2475 2001 2504 re-

311 2519 480 2576 spiciat
512 2536 538 2562 a
662 2526 683 2563 7
719 2522 878 2564 lemma
910 2535 991 2564 om.
1018 2526 1053 2563 D
1086 2521 1172 2563 Pro
1206 2522 1309 2564 ortu
1342 2533 1574 2564 servorum
1606 2525 1644 2562 N
1701 2522 1706 2575 Ι
1765 2519 1920 2563 servili
1951 2521 2000 2577 v]

311 2579 459 2622 sterili
489 2582 534 2622 Γ
650 2584 675 2622 8
709 2579 934 2622 Saturnus
959 2579 1115 2622 Venus
1139 2584 1178 2621 N
1217 2582 1222 2635 1
1260 2579 1483 2635 respiciat
1506 2594 1588 2624 om.
1615 2582 1654 2623 Δ
1779 2583 1802 2621 9
1834 2578 2003 2635 iungat

310 2641 349 2681 Δ
505 2643 557 2682 13
592 2641 933 2694 consequentur
963 2643 1001 2680 N
1046 2641 1272 2693 -quuntur
1303 2643 1339 2680 A
1397 2645 1400 2692 Ι
1459 2637 1555 2682 ΜΟ.
1587 2639 1662 2682 vel
1692 2636 1811 2680 IMC.
1843 2642 1882 2679 N

313 2702 366 2739 15
401 2698 739 2741 cacodaemone
771 2699 826 2754 N]
870 2711 975 2740 caro
1011 2698 1235 2741 daemone
1266 2702 1301 2740 D
1342 2698 1530 2740 cardine
1566 2700 1612 2741 Γ
1729 2701 1781 2739 16
1814 2695 1999 2739 mulieri

311 2771 392 2799 om.
421 2760 460 2800 Δ
585 2762 637 2799 17
673 2756 828 2815 (hos)
855 2770 970 2811 quos
995 2760 1019 2808 ζ
1140 2761 1192 2799 19
1224 2756 1458 2812 partiliter
1481 2771 1563 2799 om.
1590 2755 1683 2798 A'B
1806 2760 1860 2798 22
1895 2769 1999 2798 cum

312 2815 404 2858 Sat.
437 2815 468 2858 f.
502 2816 591 2858 inv.
623 2816 688 2873 Γ]
722 2815 864 2858 fuerit
894 2815 983 2860 inv.
1020 2829 1056 2858 c.
1092 2815 1185 2860 Sat.
1221 2818 1303 2859 aut
1335 2829 1438 2858 cum
1472 2815 1575 2859 Sole
1607 2817 1647 2858 A
1698 2817 1704 2870 Ι
1754 2813 1917 2857 infelix
1942 2840 1997 2846 —

311 2879 366 2916 24
392 2875 605 2917 inventus
631 2886 724 2919 om·
744 2878 790 2918 Γ
906 2879 960 2918 23
995 2874 1195 2917 diximus
1219 2874 1462 2918 benivolae
1488 2873 1651 2917 stellae
1682 2887 1794 2917 corr.
1821 2879 1860 2917 et
1891 2873 1997 2917 add.

310 2937 333 2984 ζ
453 2938 507 2976 25
541 2933 669 2976 locus
702 2935 794 2991 Na]
827 2933 981 2976 locum
