2066 3192
822 171 864 216 V
897 177 936 227 6,
959 185 1098 216 4—10.
1740 171 1809 223 63

231 295 427 365 [Luna
466 295 529 346 in
567 293 814 347 finibus
855 292 1162 362 Veneris]
1232 292 1288 346 Si
1328 293 1480 346 Luna
1518 292 1575 346 in
1614 293 1862 346 finibusS

121 368 343 422 Veneris
382 368 466 421 vel
513 368 571 420 in
617 368 815 422 decano
855 367 1018 420 fuerit
1056 367 1289 436 inventa,
1338 371 1391 420 et
1431 366 1501 420 sit
1540 369 1698 436 plena
1734 368 1813 420 111-

119 443 375 511 minibus,
423 442 584 495 faciet
630 441 919 495 infamibus
960 459 1170 510 semper
1208 441 1477 495 amoribus
1515 440 1815 510 inplicatOS,

120 520 172 571 et
231 517 449 571 incestis
509 516 797 571 libidinum
859 515 1242 585 cupiditatibus
1305 515 1535 585 deditos,
1594 517 1814 586 inpuros

76 612 95 645 5
119 591 436 644 libidinosos
477 594 530 644 et
571 593 662 660 qui
706 591 944 644 erraticis
994 609 1202 659 semper
1246 591 1518 643 amoribus
1551 589 1814 643 inhaeres-

121 668 258 719 cant.
329 663 386 718 Si
434 683 558 719 vero
609 665 774 718 fuerit
826 666 1032 718 minuta
1085 665 1408 734 luminibuS,
1454 665 1624 718 bonos
1663 668 1814 717 actus

122 758 242 794 cum
305 739 567 793 maximae
628 739 903 794 felicitatis
966 739 1202 792 decernit
1263 742 1574 810 augmento,
1642 742 1694 792 et
1749 758 1814 792 ex

119 832 343 867 numero
391 814 633 867 affinium
680 813 1081 867 matrimonium
1128 814 1398 883 prosperis
1446 813 1683 866 decernit
1729 833 1816 866 au-

124 889 319 957 spiciiS.

58 999 100 1032 10
235 978 438 1048 [Luna
476 977 541 1030 in
579 978 825 1031 finibus
865 977 1209 1046 Mercurii]
1260 976 1316 1030 Si
1348 977 1501 1030 Luna
1534 978 1589 1029 in
1619 977 1869 1030 finibus9

124 1051 376 1105 Mercurii
416 1053 500 1105 vel
540 1052 597 1104 in
636 1052 834 1106 decano
873 1051 1037 1105 fuerit
1075 1052 1305 1122 inventa,
1345 1055 1397 1104 et
1437 1053 1508 1105 sit
1546 1053 1704 1121 plena
1741 1051 1819 1103 lu-

126 1128 375 1196 minibus,
424 1127 585 1179 faciet
634 1127 866 1196 perfidos
918 1130 971 1179 et
1018 1127 1110 1195 qui
1156 1145 1240 1179 res
1287 1127 1682 1179 commendatas
1732 1126 1819 1179 ob-

127 1202 325 1254 stinato
365 1202 559 1254 mentis
598 1201 778 1254 furore
818 1205 870 1253 et
909 1202 1081 1253 avaris
1123 1201 1504 1270 cupiditatibus
1540 1200 1819 1271 abnegent.

126 1274 309 1330 Faciet
348 1276 510 1328 etiam
551 1275 855 1329 effractores
894 1275 1039 1327 fures
1079 1275 1378 1328 malitiosos
1387 1317 1401 1344 ,
1453 1278 1505 1328 et
1544 1276 1639 1344 qui
1676 1293 1821 1328 men-

63 1371 105 1404 15
131 1351 279 1403 dacia
318 1369 414 1404 sua
452 1349 643 1403 umbra
682 1350 908 1419 quadam
948 1349 1154 1403 soleant
1193 1350 1435 1402 veritatis
1476 1368 1687 1419 ornare,
1730 1352 1823 1401 aut

129 1425 432 1495 proditores
479 1442 697 1477 suorum
743 1425 894 1492 facit,
941 1427 1033 1477 aut
1072 1424 1164 1493 qui
1205 1425 1330 1477 deos
1371 1425 1627 1477 obstinati
1667 1423 1822 1477 sacri-

130 1501 252 1569 lego
285 1499 463 1552 furore
496 1502 855 1552 contemnant.
925 1498 1101 1551 Erunt
1133 1517 1261 1553 sane
1291 1498 1547 1552 laboriosi
1581 1498 1824 1567 operarii,

133 1573 224 1626 sed
274 1574 368 1642 qui
413 1591 688 1642 nunquam
734 1574 940 1626 fructus
989 1593 1053 1627 ex
1097 1573 1372 1626 laboribus
1419 1577 1825 1642 consequantur,

134 1651 186 1701 et
226 1666 359 1716 quos
399 1647 645 1716 perpetui
682 1647 857 1717 operis
888 1647 1158 1700 laboriosa
1190 1647 1494 1700 sollicitudo
1528 1647 1824 1700 discruciet.

66 1743 109 1775 20
134 1722 190 1775 Si
231 1740 356 1775 vero
396 1722 558 1775 fuerit
595 1722 803 1775 minuta
833 1721 1143 1791 luminibus,
1182 1725 1273 1774 aut
1305 1721 1565 1791 pthisicos
1596 1721 1826 1792 (faciet)
1847 1721 1914 1773 10

133 1799 226 1849 aut
265 1797 478 1849 insanos
519 1799 612 1848 aut
650 1799 827 1849 mente
868 1800 1051 1865 captos
1090 1796 1258 1850 malos
1290 1795 1606 1860 malitiosOS‚
1645 1800 1698 1849 et
1731 1796 1825 1864 qui

134 1870 199 1923 ad
247 1889 402 1924 omne
449 1872 683 1924 malitiae
730 1871 876 1923 virus
923 1870 1152 1924 libenter
1190 1871 1459 1939 accedant,
1510 1873 1563 1922 et
1603 1871 1694 1939 qui
1735 1873 1827 1922 aut

136 1946 303 1998 malos
343 1945 587 1998 homines
627 1949 720 1997 aut
758 1944 899 1997 mala
936 1945 1153 2015 negotia
1186 1945 1454 1998 obstinata
1488 1944 1827 1998 animositate

137 2019 435 2085 defendant,
477 2022 531 2072 et
570 2038 797 2088 quorum
837 2038 932 2088 per
970 2019 1081 2072 dies
1122 2021 1363 2090 singulos
1404 2019 1469 2071 ad
1509 2038 1664 2071 omne
1702 2018 1827 2070 faci-

71 2113 113 2145 25
137 2112 236 2146 11118
283 2096 484 2146 crescat
531 2094 846 2162 inprobitas,
925 2093 1028 2145 Sed
1079 2098 1132 2147 et
1181 2094 1285 2162 ipsi
1336 2093 1535 2147 similes
1587 2093 1690 2146 sibi
1736 2092 1827 2144 ho—

138 2167 306 2220 mines
361 2185 551 2220 nocere
605 2171 1004 2221 consueverunt.
1084 2167 1286 2231 Quodsi
1336 2168 1480 2220 Mars
1535 2167 1591 2219 in
1640 2167 1828 2220 iisdem

138 2241 379 2310 partibus
419 2259 540 2294 cum
573 2241 725 2294 Luna
754 2242 918 2294 fuerit
950 2241 1213 2311 inventus,
1250 2241 1349 2294 hos
1383 2242 1594 2294 eosdem
1630 2243 1799 2294 malae
1816 2251 2012 2294 fot-wll

140 2315 494 2368 conscientiae
527 2316 798 2369 consortio
830 2316 1129 2370 latronibus
1162 2316 1354 2387 iungit,
1387 2319 1479 2369 aut
1510 2315 1670 2368 variis
1702 2315 1830 2368 facit

262 2511 283 2549 1
326 2507 485 2550 lemma
524 2520 607 2550 om.
634 2508 673 2549 Δ
767 2511 792 2548 3
826 2506 1060 2550 amoribus
1100 2520 1281 2564 semper
1312 2509 1352 2550 Δ
1446 2512 1472 2550 4
1504 2506 1694 2550 incestis
1727 2508 1831 2563 AG]

142 2564 411 2622 ingentibus
452 2567 494 2608 Γ
579 2569 605 2607 5
638 2565 846 2609 erraticis
870 2567 918 2622 v]
951 2566 1116 2610 erratis
1146 2569 1192 2610 Γ
1219 2566 1415 2610 erratico
1441 2568 1480 2609 Δ
1510 2567 1515 2623 Ι
1545 2565 1691 2609 amori
1717 2568 1756 2609 Δ

146 2628 199 2667 10
225 2626 384 2668 lemma
416 2638 499 2668 om.
525 2626 579 2682 A,
605 2626 611 2682 1
651 2623 780 2667 Luna
815 2639 919 2668 cum
943 2625 1172 2669 Mercurio
1198 2625 1269 2669 vel
1293 2625 1342 2669 in
1367 2625 1538 2668 finibus
1562 2624 1635 2668 vel
1658 2625 1705 2667 in
1732 2625 1829 2668 dec.

145 2685 183 2726 Δ
308 2689 359 2727 11
403 2683 591 2727 decanis
627 2683 732 2726 ΠΝ
871 2690 923 2727 14
964 2683 1080 2728 facit
1111 2687 1150 2728 A
1284 2689 1338 2728 15
1382 2684 1587 2728 membro
1629 2684 1831 2740 quodam

145 2741 326 2786 soleant
363 2742 605 2786 varietatis
642 2757 805 2786 ornare
839 2746 878 2786 A
1033 2748 1086 2788 16
1120 2743 1355 2788 obstinato
1389 2743 1624 2801 sacrilegii
1656 2760 1682 2786 κ

148 2805 200 2843 19
242 2801 495 2846 discruciat
525 2806 606 2843 AG
739 2806 796 2846 20
835 2802 1027 2847 thisicos
1066 2807 1187 2846 Boc
1232 2803 1438 2859 thysicos
1478 2809 1512 2845 D
1556 2801 1762 2858 ptysicos
1794 2806 1833 2843 N

146 2873 258 2905 corr.
285 2860 336 2903 A‘
371 2864 377 2916 Ι
420 2861 524 2905 add.
551 2863 594 2913 ζ,
619 2862 770 2917 possis
801 2866 841 2905 et
873 2862 987 2906 alibi
1136 2867 1190 2906 22
1225 2876 1407 2905 omnem
1439 2861 1670 2905 malitiam
1702 2863 1788 2905 AG
1824 2863 1829 2917 Ι

146 2918 270 2962 virus
302 2918 373 2978 A']
408 2920 534 2963 dirus
561 2922 633 2962 ΟΒ
667 2920 757 2963 diri
782 2923 820 2963 A
855 2920 957 2963 dari
982 2925 1017 2963 G
1137 2926 1193 2965 25
1226 2921 1435 2966 homines
1464 2922 1528 2979 Γ]
1564 2934 1721 2964 omnes
1747 2922 1786 2963 A

151 2982 203 3021 26
238 2979 326 3035 leye
351 2980 629 3022 consuerunt
750 2983 804 3022 28
830 2978 1091 3023 latronibus
1115 2981 1173 3038 N]
1207 2979 1446 3023 laboribus
