2066 3192
254 154 323 206 12
986 151 1214 198 FIRMIGI

250 274 445 327 timore
492 275 772 344 sollicitus,
819 278 872 328 et
916 275 974 327 in
1013 274 1234 327 desertis
1271 274 1405 327 locis
1450 277 1677 329 incurrit
1723 275 1940 344 aliquod

251 348 395 400 vitae
451 348 751 418 discrimen,
805 351 858 401 et
911 347 1082 401 multa
1134 348 1491 416 periculorum
1539 350 1939 403 continuatione

254 421 606 491 quassabitur.
668 421 855 475 Multis
896 439 956 475 ac
995 421 1194 475 crebris
1241 424 1763 493 peregrinationibus
1811 423 1939 477 divi-

253 496 421 549 detur.
475 495 712 550 Habebit
750 514 876 549 sane
907 496 1077 549 latens
1108 496 1315 567 vitium,
1347 500 1401 550 et
1430 499 1549 567 (ei)
1579 499 1637 551 in
1668 501 1940 551 senectute

251 570 432 639 posito
479 569 707 624 felicitas
746 571 978 624 maxima
1017 570 1334 623 conferetur.
1391 570 1495 624 Sed
1532 590 1669 625 uxor
1707 573 1820 625 eius
1861 573 1936 624 in-
1984 592 2004 626 5

253 645 430 697 saniae
460 646 713 713 periculis
743 644 1026 697 laborabit.
1083 643 1140 697 Si
1171 643 1299 697 IMO
1333 645 1391 697 in
1423 644 1747 715 Capricorno
1778 647 1941 699 fuerit

202 741 206 743 “
254 718 546 790 inventum,
591 720 974 790 patrimonium
1022 719 1136 771 eius
1182 718 1332 771 varia
1376 721 1583 773 ratione
1629 720 1941 789 mutabitur,

187 855 191 858 Δ
253 796 306 845 et
345 792 601 862 quicquid
639 794 959 862 acquisitum
998 793 1162 845 fuerit
1200 811 1384 847 rursus
1425 794 1706 859 amittitur,
1746 798 1799 847 et
1827 813 1940 847 rur-

254 885 344 919 sus
392 868 535 936 quod
583 868 836 920 amissum
883 867 1047 920 fuerit
1093 867 1378 921 invenitur.
1459 866 1561 921 Sed
1609 869 1781 922 omnis
1821 869 1941 921 sub-

80 960 138 1000 soz.
155 958 252 990 57r1
265 941 460 994 stantia
520 942 753 1011 propriis
814 941 1019 994 viribus
1081 944 1135 993 et
1193 942 1482 995 virtutibus
1539 944 1827 1011 quaeritur,
1881 946 1942 996 ut
1966 965 2009 996 10

253 1016 310 1067 in
358 1015 550 1069 ultimo
598 1017 789 1069 aetatis
843 1015 1012 1086 gradu
1069 1015 1279 1084 positus
1327 1018 1559 1070 maximo
1614 1019 1941 1070 incremento

252 1089 527 1143 felicitatis
552 1094 782 1143 ornetur.
818 1089 1050 1161 Cogetur
1071 1094 1248 1144 autem
1276 1091 1378 1144 sibi
1401 1091 1573 1144 filium
1599 1092 1801 1144 alienae
1825 1091 1946 1144 sob-

255 1163 357 1217 olis
389 1165 658 1234 adoptare,
689 1169 781 1218 aut
812 1164 954 1218 filios
986 1182 1051 1216 ex
1082 1166 1304 1218 muliere
1342 1165 1527 1219 infima
1568 1169 1938 1235 consequetur.

166 1241 236 1293 22
366 1238 805 1309 [Horoscopus
842 1240 909 1292 in
949 1238 1340 1310 Scorpione]
1420 1238 1476 1292 Si
1514 1239 1847 1309 horoscopus
1887 1241 1942 1292 in

256 1310 549 1383 Scorpione
583 1314 745 1367 fuerit
779 1314 1043 1381 inventUS,
1067 1313 1124 1366 in
1157 1314 1331 1383 prima
1366 1317 1538 1367 aetate
1568 1314 1728 1367 faciet
1759 1317 1942 1367 acutos
1967 1335 2010 1369 η

254 1388 537 1442 iracundos
569 1389 752 1459 agiles,
777 1388 870 1440 sed
900 1387 958 1440 hi
988 1405 1085 1458 per
1116 1388 1287 1440 multa
1310 1389 1726 1442 infortuniorum
1750 1406 1946 1459 genera

255 1463 526 1516 ducentur.
589 1462 789 1516 Verum
828 1466 1015 1532 postea
1053 1462 1197 1516 felici
1235 1462 1453 1517 licentia
1492 1463 1851 1530 sublevantur,
1892 1466 1945 1516 et

255 1541 411 1590 erunt
457 1539 665 1608 magnis
707 1537 926 1591 laetitiis
968 1537 1148 1606 dediti,
1187 1539 1232 1590 si
1272 1539 1444 1607 ipsum
1484 1537 1728 1607 Iuppiter
1765 1537 1945 1606 aliqua

254 1611 549 1665 radiatione
583 1612 897 1681 respexerit3
938 1614 1095 1664 erunt
1132 1612 1355 1681 gloriosi
1394 1616 1447 1665 et
1478 1631 1509 1664 a
1541 1612 1642 1665 diis
1681 1611 1945 1680 praesidia

257 1687 547 1756 sperabunt
586 1705 808 1755 semper,
848 1689 901 1738 et
940 1704 1213 1739 sacrorum
1252 1690 1345 1739 aut
1384 1685 1692 1741 caelestium
1732 1685 1944 1756 religio·
1968 1709 2011 1740 20

257 1780 384 1813 num
433 1764 764 1813 sacramenta
810 1761 1121 1829 percipient.
1192 1761 1368 1814 Erunt
1415 1762 1471 1820 in
1516 1761 1622 1814 alio
1677 1760 1813 1828 loce,
1859 1759 1944 1812 vel
2017 1757 2022 1762 ’

257 1836 313 1888 in
367 1835 525 1887 aliam
582 1835 852 1887 civitatem
909 1853 1005 1888 suo
1061 1834 1240 1888 studio
1292 1836 1693 1888 transferentur.
1769 1834 1945 1887 Erunt

258 1927 467 1978 semper
507 1912 681 1962 erecto
722 1909 915 1978 spiritu
957 1909 1238 1978 sublevati,
1278 1910 1436 1978 acuti,
1473 1910 1830 1978 praeferentes
1864 1927 1943 1960 or·

257 1987 507 2038 namenta
531 1984 805 2036 sermonis
861 1983 1036 2036 Erunt
1066 1985 1200 2036 tales
1234 1983 1430 2053 quibus
1470 2002 1680 2052 semper
1718 1982 1943 2035 varietas

257 2058 475 2128 placeat.
530 2057 760 2126 Propter
799 2057 998 2110 amicos
1040 2062 1132 2110 aut
1170 2059 1388 2128 negotia
1419 2062 1512 2111 aut
1541 2058 1780 2127 pericula
1811 2075 1944 2109 sem·
1969 2078 2010 2111 25

258 2151 352 2201 per
404 2133 698 2199 incurrunt,
752 2135 806 2184 et
859 2134 984 2200 post
1039 2133 1209 2185 multa
1263 2151 1326 2184 ex
1377 2133 1662 2185 amissione
1708 2131 1943 2183 filiorum

169 2208 239 2259 23
259 2206 555 2259 infortunia
593 2224 776 2258 rursus
809 2205 954 2258 felici
986 2206 1171 2259 sobole
1203 2207 1527 2277 gaudebunt.
1591 2206 1649 2259 Si
1679 2207 1735 2257 in
1767 2205 1945 2257 Leone

257 2279 371 2332 MC.
412 2280 575 2333 fuerit
613 2280 907 2348 inventum,
946 2280 1057 2333 vita
1102 2281 1214 2333 eius
1254 2281 1403 2333 vario
1451 2281 1633 2333 labore
1681 2298 1741 2332 ac
1784 2279 1943 2332 variis

258 2354 542 2407 sudoribus
582 2353 912 2424 fatigabitur,
959 2358 1011 2406 et
1059 2356 1159 2407 erit
1198 2355 1488 2422 potentiori
1528 2354 1688 2407 alicui
1723 2352 1943 2406 honoris

382 2491 402 2528 1
438 2485 642 2529 incurret
665 2490 744 2528 DE
798 2486 994 2528 incurrit
1085 2491 1112 2528 4
1145 2487 1192 2529 et
1217 2485 1333 2544 (ei)
1351 2485 1392 2543 ζ]
1419 2487 1466 2528 et
1491 2485 1552 2541 (ei
1575 2489 1614 2527 N
1646 2484 1728 2528 sed
1760 2483 1802 2527 ei
1827 2485 1869 2538 a.)

260 2550 284 2587 6
316 2544 525 2600 periculo
550 2547 589 2587 Δ
627 2547 632 2600 Ι
668 2544 717 2587 in
787 2544 1030 2600 apricorno
1060 2545 1126 2602 Γ]
1161 2543 1464 2601 Capricornus
1490 2547 1530 2588 Δ
1647 2548 1670 2586 7
1704 2543 1943 2586 inventum

258 2604 314 2661 E]
345 2604 559 2647 inventus
583 2608 666 2645 DN
698 2617 780 2647 om.
811 2606 857 2647 Γ
942 2608 967 2647 8
1001 2604 1262 2658 quaesitum
1296 2606 1334 2646 Δ
1363 2605 1369 2658 1
1399 2603 1641 2646 amittetur
1664 2605 1703 2645 A
1811 2605 1864 2644 10
1897 2603 1942 2644 et

259 2678 341 2707 om.
372 2666 418 2706 Γ
445 2662 635 2719 (viribus
667 2664 714 2706 et
744 2677 826 2707 om.
853 2664 906 2718 A)
934 2665 941 2718 1
967 2666 1020 2705 ut
1044 2664 1084 2720 ζ]
1111 2665 1158 2706 et
1250 2668 1304 2706 12
1343 2664 1530 2706 ornetur
1557 2662 1623 2719 Γ]
1657 2661 1847 2705 ornatus
1873 2662 1912 2703 A
1935 2660 1939 2718 1

261 2725 452 2778 cogetur
484 2724 637 2765 autem
673 2723 712 2779 ζ]
746 2723 1001 2776 augeturne
1031 2724 1076 2765 Γ
1103 2724 1301 2778 augetur
1332 2723 1523 2778 cogetur
1546 2723 1586 2764 A
1696 2725 1749 2763 14
1784 2720 1943 2763 lemma

260 2795 341 2824 om.
369 2784 408 2824 A
504 2786 557 2823 18
582 2781 707 2836 ipsos
732 2784 771 2824 A
798 2781 1122 2838 (horoscopum
1147 2784 1189 2831 6)
1281 2785 1337 2824 20
1364 2794 1596 2824 sacrarum
1623 2793 1648 2822 σ
1670 2779 1727 2833 cf.
1755 2783 1825 2831 14,
1850 2791 1870 2821 5

262 2845 316 2882 22
350 2840 444 2883 alia
470 2839 658 2884 civitate
683 2855 795 2884 corr.
814 2854 877 2884 κσ
975 2844 1030 2883 23
1062 2839 1377 2895 praeferentes
1402 2839 1547 2897 ΔΒΕ]
1578 2837 1861 2894 perferentes

262 2903 317 2942 26
350 2902 596 2942 occurrunt
631 2902 677 2942 Γ
695 2905 841 2955 praet.
869 2904 903 2941 G
1023 2903 1078 2942 28
1111 2899 1251 2942 fuerit
1283 2899 1522 2942 inventum
1551 2896 1756 2941 medium
1789 2894 1876 2939 celi
1903 2900 1942 2938 A

262 2963 316 3001 29
349 2959 584 3015 potentior
615 2959 811 3002 alicuius
839 2962 878 3001 A
