2066 3192
124 564 143 597 6

102 937 143 968 10

100 1307 142 1339 15

100 1677 142 1710 20

100 2049 142 2083 25

839 122 904 167 VI
935 128 1124 177 21—22‚
1149 134 1182 167 e.
1752 122 1858 175 115

169 264 335 300 unum
380 243 677 314 hospitium
724 244 891 313 partis
937 243 1251 313 acceperint,
1303 245 1355 295 et
1400 242 1458 295 in
1508 242 1692 296 eodem
1737 242 1857 297 loco

168 320 367 389 pariter
430 318 710 372 constituti
773 317 1039 388 aequabili
1102 317 1372 370 societatis
1426 319 1693 387 potestate
1746 318 1860 370 iun-

167 398 384 464 gantur,
449 393 494 445 si
556 393 613 445 in
674 393 954 462 oportunis
1017 391 1293 464 geniturae
1354 391 1486 444 locis
1540 391 1703 445 fuerit
1755 393 1859 445 ista

169 467 488 536 coniunctiO,
526 485 699 520 mores
739 466 1019 520 hominum
1059 465 1326 536 aequabili
1366 466 1644 536 gravitatis
1684 466 1860 519 mode-

166 542 372 595 ratione
419 541 700 610 conponit,
746 545 799 594 et
845 559 1028 594 omnes
1076 541 1241 593 animi
1288 540 1522 609 impetus
1568 542 1859 593 mansuetis

166 615 641 685 temperationibus
691 615 919 686 mitigat.
995 614 1185 667 Martis
1237 616 1375 666 enim
1430 615 1735 667 inconsulta
1783 618 1857 667 te—
1874 615 1908 668 5

168 691 383 744 meritas
445 692 498 743 et
561 689 765 742 ardoris
827 689 1128 759 inprobitas
1191 693 1244 741 et
1298 689 1615 741 inflammati
1669 689 1860 743 caloris

169 766 325 817 ardor
370 766 636 834 inpatiens
685 763 970 817 coniuncto
1022 763 1126 816 sibi
1166 762 1384 816 Saturni
1423 763 1624 834 frigore
1662 767 1860 833 tempe-

167 842 330 907 ratur,
370 841 423 891 et
463 838 725 909 mitigatis
765 837 980 910 ignibus
1021 856 1155 907 quos
1194 841 1384 890 natura
1423 837 1630 907 proprii
1670 839 1860 891 caloris

167 912 495 981 incenderat,
550 913 614 965 ad
665 912 943 982 fingendos
990 930 1165 965 mores
1211 912 1492 965 hominum
1540 911 1859 983 gravitatem

169 1006 231 1040 ex
285 987 549 1040 adiunctis
607 986 710 1039 sibi
764 986 983 1058 frigoris
1038 987 1385 1040 societatibus
1440 990 1740 1055 mutuatur,
1800 991 1861 1040 ut

166 1061 354 1114 Martis
395 1061 540 1115 calor
580 1062 646 1113 ad
684 1061 963 1131 fingendos
1004 1079 1178 1114 mores
1218 1061 1370 1113 tardo
1405 1059 1622 1113 Saturni
1660 1061 1860 1132 frigore

167 1154 374 1206 semper
426 1135 723 1188 hebetetur.
806 1134 941 1188 Cum
991 1135 1172 1205 itaque
1225 1134 1443 1188 Saturni
1492 1135 1665 1206 frigus
1718 1139 1860 1206 tepe-

166 1209 351 1263 fecerit
402 1211 546 1264 calor
599 1209 810 1280 Martis,
866 1213 919 1262 et
973 1228 1093 1264 cum
1147 1211 1294 1263 illius
1348 1211 1587 1262 flammas
1644 1209 1862 1263 Saturni

166 1285 408 1337 iunctum
447 1285 619 1355 frigus
660 1284 962 1355 extinxerit,
1002 1302 1067 1337 ex
1104 1285 1207 1337 ista
1246 1284 1652 1354 temperationis
1684 1285 1861 1338 mode-

165 1359 372 1412 ratione
420 1377 595 1412 mores
633 1358 915 1412 hominum
956 1360 1193 1428 perfecta
1231 1358 1510 1430 gravitatis
1551 1363 1862 1412 ornamenta

165 1434 485 1503 percipiunt.
556 1431 661 1486 Sed
699 1432 1049 1487 nihilominus
1090 1438 1239 1487 actus
1272 1432 1552 1486 contrariis
1586 1436 1861 1487 stellarum
1880 1435 1912 1487 6

165 1509 387 1560 istarum
421 1508 844 1562 dissensionibus
875 1507 1182 1578 impeditur,
1222 1526 1342 1561 cum
1375 1509 1432 1561 in
1462 1509 1695 1578 negotiis
1728 1509 1864 1562 alter

165 1585 380 1635 revocat
420 1583 555 1634 alter
600 1583 826 1651 inpellit.
907 1580 1010 1635 Sed
1058 1585 1110 1635 et
1155 1601 1428 1652 nunquam
1487 1582 1631 1650 quod
1669 1584 1859 1635 volunt

165 1656 222 1708 hi
271 1658 363 1725 qui
410 1657 486 1709 sic
523 1656 750 1709 Martem
792 1660 844 1709 et
885 1655 1174 1710 Saturnum
1220 1656 1528 1726 habuerint,
1577 1676 1832 1728 prospere
1850 1668 2023 1713 fot-W!

167 1734 579 1800 consequuntur,
619 1731 710 1784 sed
750 1749 958 1800 semper
996 1749 1115 1783 cum
1151 1731 1373 1784 tristitia
1404 1731 1567 1783 animi
1601 1732 1862 1785 inefficaci

167 1805 457 1874 cupiditate
505 1807 724 1859 solliciti
764 1805 1058 1875 inperfecta
1097 1805 1481 1859 desideriorum
1522 1824 1741 1859 suorum
1778 1807 1863 1860 de-

168 1883 349 1932 serunt
393 1884 531 1932 vota.
611 1879 713 1932 Sed
768 1883 821 1933 et
874 1880 1035 1933 variis
1091 1880 1252 1933 etiam
1308 1880 1704 1951 aegritudinum
1760 1881 1862 1933 dis-

166 1954 478 2006 criminibus
527 1955 870 2025 inplicantur,
915 1958 968 2006 et
1015 1973 1206 2023 corpus
1246 1973 1429 2008 eorum
1481 1955 1705 2008 assiduis
1754 1955 1863 2008 lan-

168 2028 349 2098 guoris
398 2029 891 2082 continuationibus
938 2029 1211 2098 fatigatur,
1259 2033 1312 2082 et
1358 2029 1425 2082 ad
1471 2031 1660 2083 nociva
1706 2029 1863 2082 detri-

167 2105 347 2154 menta
394 2103 632 2171 corporis
684 2103 895 2155 assidue
936 2106 1123 2156 contra
1163 2103 1286 2156 illos
1325 2103 1468 2173 nigri
1507 2104 1650 2156 fellis
1691 2104 1862 2156 conci-

168 2249 262 2284 νος,
295 2232 418 2287 ἤθεα
449 2235 578 2287 τεῦξε
603 2233 773 2288 πρήεα·
808 2233 866 2290 δὴ
900 2234 986 2290 γὰρ
1017 2235 1197 2290 Θοῦρος
1229 2235 1302 2278 ἀεὶ
1336 2233 1540 2290 σφοδρός
1564 2250 1612 2278 τε
1636 2235 1716 2278 καὶ
1741 2235 1863 2285 ὠκὺς

168 2292 233 2342 εἰς
258 2291 404 2348 ὁρμὰς
428 2292 659 2338 ἄσκεπτον
683 2293 757 2336 ἀεὶ
788 2292 928 2350 τάχος
959 2291 1036 2350 ἠδ’
1066 2292 1309 2350 ἀλόγιστον
1336 2294 1512 2351 θερμὸς
1538 2295 1626 2339 ἐὼν
1651 2293 1858 2352 ἤνεγκεν,

169 2350 192 2394 ὁ
218 2350 270 2395 δὲ
295 2352 490 2410 βραδύς·
525 2351 801 2409 ἀμφοτέρων
834 2352 885 2397 δὲ
909 2351 1200 2409 κιρναμένων
1224 2353 1387 2409 μέσσος
1410 2352 1576 2398 κείνων
1602 2354 1765 2412 βροτὸς
1792 2353 1859 2396 ἕσ-

169 2408 263 2455 σετ’
293 2411 490 2467 ἄριστος.
547 2407 645 2456 εἶτα
677 2409 985 2469 προστίθησιν
1018 2409 1086 2456 ὅτι
1110 2412 1328 2463 κωλύσεις
1352 2412 1497 2470 ἔργων
1522 2414 1601 2458 καὶ
1626 2415 1761 2470 χολῆς
1785 2429 1859 2469 με·

168 2468 328 2527 λαίνης
366 2469 550 2527 κίνησιν
589 2479 725 2516 ποιεῖ.
791 2472 860 2525 Cf.
897 2472 1042 2517 Catal.
1077 2475 1180 2526 162,
1215 2476 1243 2516 5
1284 2480 1466 2517 κινοῦσι
1496 2472 1583 2531 γὰρ
1615 2471 1753 2530 χολὰς
1785 2488 1861 2528 με-

167 2528 331 2579 λαίνας
376 2530 455 2573 καὶ
502 2527 669 2581 νόσους
716 2530 766 2574 ἐκ
813 2528 1126 2588 ῥἰγοπυρετῶν
1175 2566 1184 2575 .
1212 2567 1221 2576 .
1250 2566 1258 2575 .
1286 2566 1295 2575 .
1344 2533 1587 2577 κωλυτικοὶ
1641 2531 1728 2588 γὰρ
1780 2531 1861 2575 καὶ

290 2639 311 2677 1
331 2633 499 2692 partis]
517 2633 694 2690 pariter
703 2639 808 2690 post
820 2634 945 2678 Mars
959 2637 998 2678 Δ
1011 2639 1045 2677 G
1137 2639 1161 2677 6
1179 2635 1342 2679 mortis
1359 2639 1438 2678 AB
1466 2637 1472 2688 Ι
1500 2635 1739 2679 temeritas
1758 2637 1805 2678 et
1817 2635 1858 2692 ζ]

168 2693 433 2737 temeritate
540 2698 565 2736 8
599 2694 862 2737 coniunctio
889 2708 999 2739 corr.
1027 2708 1089 2737 κσ
1124 2697 1131 2751 Ι
1165 2694 1338 2751 frigore
1362 2695 1443 2752 κσ]
1469 2695 1695 2751 frigorum
1717 2697 1762 2738 Γ
1781 2693 1860 2736 fri-

168 2751 358 2807 goribus
384 2755 422 2796 Δ
533 2757 583 2795 11
613 2752 823 2796 adiuncti
847 2770 874 2796 κ
902 2757 908 2809 Ι
935 2755 1178 2797 mutuatur
1202 2753 1272 2812 A']
1298 2756 1507 2797 mutatur
1540 2756 1546 2809 Ι
1574 2755 1645 2812 ut]
1673 2756 1720 2797 et
1743 2753 1803 2796 1³²

172 2815 225 2853 13
250 2811 499 2855 hebetatur
521 2825 634 2855 corr.
654 2814 678 2864 ζ
790 2817 844 2855 14
869 2811 1056 2856 flamma
1080 2827 1191 2858 corr.
1212 2829 1239 2855 a
1265 2812 1515 2869 (flammam
1533 2813 1608 2868 1³2)
1725 2818 1778 2856 15
1805 2826 1859 2855 ex

169 2870 246 2927 κζ]
281 2872 328 2914 et
360 2883 415 2913 ex
440 2873 478 2914 Δ
513 2873 560 2913 et
588 2873 634 2914 Γ
763 2876 816 2915 18
849 2871 1044 2915 istarum
1078 2872 1444 2917 dissensionibus
1475 2873 1523 2930 v]
1558 2872 1750 2916 dissens.
1783 2872 1857 2915 ist.

172 2931 253 2971 AB
265 2933 299 2971 G
323 2930 518 2973 istarum
536 2944 620 2974 om.
638 2933 675 2972 A
778 2935 832 2973 20
858 2944 1079 2986 prospera
1096 2934 1136 2974 A
1245 2936 1300 2974 24
1326 2931 1563 2987 languoris
1580 2932 1635 2989 D]
1652 2931 1859 2987 langoris

1534 3006 1590 3047 8*
