2100 3186
781 107 863 151 VII
897 112 936 161 6,
963 111 1108 162 10—7,
1131 121 1163 151 4.
1708 108 1815 160 229

129 233 221 282 aut
259 247 378 281 cum
420 247 481 282 ea
521 229 591 281 sit
629 229 830 298 pariter
867 229 1181 296 constituta,
1233 227 1464 280 secunda
1503 246 1627 281 vero
1668 227 1817 280 mali-

127 303 250 356 vola
289 305 443 356 stella
482 304 538 355 in
578 303 796 355 anafora
835 305 905 356 sit
941 302 1243 370 horoscopi,
1283 305 1337 354 et
1377 302 1652 354 dominum
1691 302 1817 354 For-

126 381 287 430 tunae
324 377 591 446 respiciat,
631 377 999 446 quadrupedes
1041 377 1103 429 de
1143 375 1481 444 quadrupede
1520 379 1819 445 nascentur,

127 452 440 520 praesertim
480 452 526 503 si
567 451 813 504 dominus
852 449 1139 519 horoscopi
1179 453 1233 502 et
1272 450 1518 503 dominus
1550 449 1818 503 Fortunae

82 546 102 579 5
125 526 183 578 in
231 525 316 578 his
363 525 530 595 signis
577 525 633 576 in
680 525 875 593 quibus
922 525 1150 577 diximus
1204 524 1368 576 fuerit
1420 525 1683 577 inventus,
1761 523 1868 578 Si2

125 617 251 653 vero
294 599 539 652 dominus
579 598 847 652 Fortunae
886 603 978 652 aut
1017 599 1265 651 dominus
1304 598 1590 667 horoscopi
1627 599 1684 651 in
1721 598 1817 650 hu-

126 692 284 727 mano
332 675 486 743 signo
532 672 695 725 fuerit
741 674 1013 742 inventus,
1060 674 1117 724 in
1156 671 1247 724 VI.
1296 672 1500 725 scilicet
1546 673 1611 725 ab
1662 673 1819 725 horo-

128 765 291 817 scopo
329 748 474 814 loco,
521 748 708 801 ceteris
748 747 994 800 omnibus
1042 748 1119 800 sic
1165 747 1306 799 sicut
1346 747 1579 799 diximus
1626 747 1818 799 consti-

127 822 281 890 tutis,
334 824 583 875 nascetur
640 839 704 874 ex
757 821 974 874 homine
1027 824 1352 890 portentum.
1432 819 1490 874 Si
1539 820 1820 874 malivolae

59 918 101 950 ιο
126 898 309 950 stellae
355 896 412 947 in
451 894 753 948 cardinibus
798 894 1066 964 partiliter
1111 895 1313 948 fuerint
1360 897 1672 964 collocatae,
1726 899 1819 947 aut

125 970 182 1022 in
220 970 452 1022 anaforis
493 969 785 1039 cardinum,
826 968 920 1022 Sol
958 988 1082 1023 vero
1124 973 1177 1022 et
1214 969 1366 1022 Luna
1413 970 1469 1022 in
1513 969 1817 1022 cardinibus

123 1045 289 1113 positi
358 1043 615 1096 diametra
676 1062 731 1096 se
791 1044 1088 1096 radiatione
1155 1043 1479 1112 percutiant,
1539 1043 1818 1096 benivolae

125 1118 322 1188 (vero)
362 1119 547 1171 stellae
585 1136 757 1186 neque
797 1118 852 1170 in
893 1118 1198 1170 cardinibus
1236 1119 1345 1170 sint
1384 1118 1606 1186 positae,
1645 1136 1816 1185 neque

125 1193 179 1244 in
219 1192 450 1245 anaforis
498 1191 794 1257 cardinum,
835 1196 927 1245 aut
965 1192 1129 1244 radiis
1176 1192 1284 1244 sint
1326 1191 1466 1245 Solis
1514 1192 1818 1260 absconsae,

58 1288 98 1320 15
124 1270 216 1320 aut
255 1267 558 1336 quadrupes
596 1269 845 1319 nascetur
884 1269 976 1318 aut
1019 1269 1333 1320 monstrum.
1413 1265 1469 1318 Si
1508 1284 1633 1319 vero
1673 1266 1868 1318 Mars3

125 1345 217 1393 aut
257 1340 437 1394 Solem
483 1343 576 1393 aut
613 1341 822 1392 Lunam
869 1344 961 1393 aut
1010 1340 1370 1410 horoscopum
1417 1344 1509 1393 aut
1559 1340 1818 1408 quadrata

125 1419 216 1467 aut
256 1416 513 1468 diametra
549 1414 844 1467 radiatione
883 1415 1156 1483 respiciat,
1195 1418 1248 1467 et
1293 1415 1458 1467 fuerit
1494 1418 1652 1466 natus
1694 1433 1818 1483 qua-

126 1489 334 1558 drupeS,
366 1489 642 1542 sacrificiis
672 1489 901 1557 publicis
932 1489 1302 1542 destinabitur.
1380 1487 1438 1541 Si
1469 1507 1594 1542 vero
1628 1490 1817 1542 ceteris

125 1565 201 1616 sic
248 1563 386 1616 sicut
432 1563 664 1616 diximus
712 1563 994 1633 ordinatis,
1046 1561 1291 1632 Iuppiter
1341 1566 1395 1616 et
1438 1563 1621 1616 Venus
1667 1566 1818 1616 extra

56 1660 98 1692 20
123 1638 390 1691 cardinem
421 1637 588 1706 positi
619 1640 712 1690 aut
736 1635 913 1690 Solem
947 1641 1039 1689 aut
1066 1637 1273 1690 Lunam
1305 1641 1398 1690 aut
1420 1637 1781 1706 horoscopum
1796 1649 2000 1693 s01.93r11

123 1711 376 1781 viderint,
424 1711 726 1780 quadrupes
766 1711 911 1779 quod
948 1715 1135 1765 natum
1173 1712 1339 1765 fuerit
1377 1715 1469 1765 aut
1508 1713 1713 1764 coletur
1751 1711 1817 1763 ab

123 1785 452 1854 hominibus,
494 1789 585 1837 aut
626 1785 740 1855 [ad]
780 1785 1105 1855 templorum
1153 1789 1205 1838 et
1252 1786 1658 1839 simulacrorum
1698 1804 1819 1838 con-

125 1860 408 1913 secrationi
463 1859 830 1912 destinabitur.
911 1859 1013 1912 Sed
1067 1860 1196 1912 haec
1251 1860 1352 1913 tibi
1407 1860 1586 1912 omnia
1639 1878 1702 1912 ex
1754 1860 1870 1912 eo4

125 1934 263 1986 libro
304 1934 393 2002 qui
438 1934 507 1986 de
547 1934 680 1986 fine
719 1934 890 1987 vitae
930 1953 961 1985 a
999 1934 1156 1987 nobis
1198 1935 1429 2002 scriptus
1469 1937 1572 2002 est,
1623 1952 1687 1985 ex
1726 1934 1818 1986 tri-

60 2029 101 2061 25
126 2025 266 2077 gono
331 2007 633 2078 orthogono
696 2008 1033 2061 manifestius
1095 2008 1427 2061 intimantur.
1503 2007 1624 2060 Illic
1677 2008 1818 2060 enim

125 2080 325 2152 trigoni
381 2081 669 2151 orthogoni
722 2083 858 2134 ratio
922 2101 1057 2150 quae
1121 2082 1499 2150 quibusdam
1556 2081 1816 2135 Graecis

127 2155 471 2208 obscuritatis
510 2155 720 2208 videtur
758 2155 1077 2226 ambagibus
1117 2156 1381 2224 involuta,
1427 2156 1725 2208 manifestis
1766 2160 1819 2208 et

125 2229 453 2282 brevissimis
492 2229 1024 2298 interpretationibus
1065 2230 1329 2299 explicata
1367 2233 1463 2283 est.

246 2410 270 2447 2
305 2404 543 2448 dominum
575 2405 621 2462 a]
656 2405 871 2449 dominus
994 2409 1019 2448 3
1053 2405 1378 2462 quadrupedes
1410 2406 1575 2463 new]
1611 2405 1815 2461 quadru-

125 2477 207 2520 pes
240 2464 390 2506 ADNb
450 2465 455 2520 Ι
512 2466 729 2507 nascetur
759 2469 833 2506 Dv
961 2468 987 2508 4
1021 2464 1060 2508 si
1093 2467 1140 2508 et
1172 2465 1213 2507 d.
1247 2465 1293 2508 h.
1327 2467 1410 2508 aut
1442 2465 1562 2508 dom.
1597 2465 1645 2508 F.
1678 2468 1702 2516 ζ

127 2527 152 2566 8
187 2523 252 2566 sic
283 2537 366 2567 om.
401 2525 440 2566 Δ
582 2528 632 2566 11
669 2522 765 2581 Sol]
798 2523 840 2566 K
872 2522 948 2567 Sol
981 2527 1104 2566 ABD
1230 2530 1281 2566 13
1315 2525 1420 2569 add.
1455 2527 1479 2577 ζ
1509 2525 1682 2580 (autem
1714 2525 1756 2579 a)

129 2587 182 2624 16
216 2585 297 2625 aut
329 2587 434 2626 ante
465 2582 697 2637 quadrata
728 2597 810 2627 om.
838 2585 877 2626 Δ
1003 2588 1055 2626 17
1089 2584 1346 2640 respexerit
1370 2586 1409 2626 Δ
1532 2588 1587 2626 22
1621 2584 1702 2627 del.
1735 2586 1773 2624 A
1808 2583 1812 2639 Ι

127 2642 174 2684 et
209 2643 275 2697 Γ]
310 2643 392 2684 aut
423 2643 462 2684 Δ
515 2643 520 2696 Ι
572 2642 964 2686 consecrationem
996 2646 1091 2684 ΔΜ
1213 2648 1267 2686 24
1299 2642 1553 2698 inscriptus
1586 2645 1624 2685 A
1677 2645 1681 2697 Ι
1732 2641 1816 2684 tri-

126 2701 237 2758 goni
269 2705 338 2743 Ba
460 2704 514 2743 25
548 2700 815 2756 orthogonii
846 2706 882 2743 1)
926 2701 1201 2758 orthogonio
1232 2706 1271 2743 N
1329 2704 1333 2757 Ι
1391 2702 1638 2744 intimatur
1669 2703 1754 2743 ΑΔ

128 2765 182 2803 26
217 2759 482 2817 orthogonii
515 2762 553 2803 A
678 2764 730 2802 27
764 2759 1011 2804 videbatur
1042 2763 1081 2803 A
