2066 3192
271 143 342 194 42
995 144 1221 189 FIRMICI

270 264 536 316 riosorum
575 265 916 335 negotiorum
956 265 1124 318 initiis
1158 265 1521 322 honestantur.
1593 267 1785 320 Statim
1819 271 1958 322 enim

270 340 331 389 ut
370 338 426 389 in
459 337 634 390 Leone
674 339 895 407 primam
939 340 1223 392 stationem
1264 340 1464 410 fecerit,
1504 342 1676 394 omnis
1715 342 1961 411 genitura

271 411 338 463 ad
375 411 647 465 felicitatis
687 413 842 465 initia
881 413 1212 466 transfertur.
1287 414 1437 467 Tunc
1476 416 1617 468 enim
1658 415 1867 474 dolores
1908 421 1961 469 et

270 485 522 538 tristitiae
571 489 622 538 et
671 487 1056 540 sollicitudines
1105 489 1442 542 omnifariam
1483 489 1778 559 sopiuntur.
1857 488 1955 542 Sed

269 577 367 611 nec
414 577 534 612 cum
581 561 768 630 primis
815 562 1071 615 uxoribus
1114 563 1204 630 qui
1242 562 1298 614 in
1340 561 1630 632 Scorpione
1671 562 1958 617 Saturnum
2005 586 2024 619 5

269 633 556 687 habuerint
593 639 947 703 perseverant.
1025 635 1128 688 Sed
1182 654 1279 689 nec
1332 638 1567 707 virgines
1623 638 1698 691 sic
1750 638 1958 706 positus

186 717 191 720 ’
271 707 505 761 decernit
542 727 752 778 uxores,
792 709 882 762 sed
922 713 1031 762 aut
1054 710 1240 763 viduas
1274 715 1366 764 aut
1398 711 1516 764 aliis
1549 713 1768 764 iunctas
1835 712 1959 765 Mis-

270 785 455 834 centur
517 802 641 835 sane
702 783 948 852 plurimis
1009 784 1322 839 mulieribus
1331 828 1344 854 ,
1407 786 1499 838 sed
1559 805 1589 838 a
1643 786 1960 854 quibusdam

182 856 251 909 38
269 859 440 909 morte
487 858 552 910 ab
601 857 721 910 aliis
769 859 991 927 repudio
1042 862 1368 927 separantur.
1448 859 1784 913 Valitudines
1833 879 1959 913 sane

271 934 324 983 et
362 931 494 984 vitia
533 931 588 983 in
622 930 913 1002 Scorpione
952 935 1159 1001 positus
1199 934 1300 1000 †si
1339 934 1396 986 in
1434 935 1683 987 extremis
1723 935 1959 1003 corporis
1985 958 2026 990 ιο

271 1005 514 1073 partibus
561 1006 740 1075 faciet,
794 1010 845 1059 et
884 1006 1264 1060 absconsorum
1308 1011 1362 1060 et
1398 1008 1680 1062 latentium
1718 1008 1959 1062 locorum

270 1079 511 1133 assiduos
559 1080 782 1133 dolores
862 1080 964 1133 Sed
1013 1081 1056 1134 si
1099 1081 1343 1151 Iuppiter
1388 1082 1444 1134 in
1490 1083 1769 1152 oportunis
1818 1083 1961 1153 geni-

270 1156 419 1217 turae
469 1154 601 1207 locis
651 1154 900 1208 inventus
950 1154 1240 1208 Saturnum
1287 1157 1343 1208 in
1391 1155 1680 1225 Scorpione
1725 1157 1959 1226 positum

269 1245 523 1297 prospera
553 1229 852 1282 radiatione
883 1231 1189 1299 respexerit,
1229 1234 1282 1283 et
1314 1231 1523 1283 dolores
1556 1234 1607 1283 et
1638 1231 1959 1284 valitudines

271 1305 323 1355 et
362 1302 493 1355 vitia
533 1305 863 1374 mitigantur.
935 1303 1039 1357 Sed
1074 1305 1127 1357 in
1160 1306 1280 1357 loco
1313 1305 1546 1358 filiorum
1579 1306 1637 1358 in
1669 1305 1960 1374 Scorpione
1985 1327 2026 1360 15

91 1387 229 1428 fot-62⁷·
242 1391 285 1422 ΙΙ
305 1377 513 1445 positus
547 1376 808 1431 Saturnus
840 1379 1068 1447 nocebit,
1102 1382 1155 1432 et
1187 1379 1491 1448 quicunque
1522 1380 1622 1432 filii
1653 1380 1816 1448 primi
1849 1398 1960 1432 sus-

269 1451 411 1519 cepti
457 1451 671 1522 fuerint,
718 1453 867 1506 vario
919 1471 1110 1522 genere
1162 1454 1503 1521 dissipantur.
1578 1453 1771 1507 Postea
1809 1458 1961 1524 grata

180 1524 250 1576 39
269 1525 452 1578 sobole
509 1526 830 1596 gaudebunt.
908 1525 1012 1579 Sed
1065 1545 1184 1579 cum
1241 1527 1500 1581 Saturnus
1555 1528 1620 1580 ad
1671 1529 1775 1581 hoc
1819 1528 1960 1581 idem

271 1599 484 1669 signum
536 1601 590 1652 id
641 1604 721 1655 est
771 1602 837 1654 ad
885 1600 1229 1670 Scorpionem
1279 1621 1520 1655 reversus
1566 1603 1750 1671 fuerit,
1806 1606 1960 1655 erunt

268 1673 535 1745 fortiores,
574 1678 626 1727 et
666 1675 721 1728 in
760 1675 893 1729 locis
933 1679 987 1729 et
1025 1677 1081 1728 in
1118 1677 1332 1745 populis
1370 1680 1614 1745 potentes
1653 1677 1960 1730 efficiuntur
1984 1700 2027 1731 20

271 1751 322 1800 et
369 1748 519 1818 clari,
572 1753 623 1802 et
672 1750 828 1802 multi
878 1750 1015 1802 circa
1062 1769 1151 1803 eos
1199 1751 1317 1819 ipso
1368 1754 1605 1819 tempore
1653 1751 1960 1804 efficiuntur

269 1821 504 1874 humani.
568 1823 714 1876 Haec
746 1825 926 1876 eadem
961 1827 1014 1876 et
1037 1825 1091 1876 in
1115 1825 1399 1877 mulierum
1427 1825 1684 1894 genituris
1712 1825 1958 1879 decernit.

271 1894 412 1948 Nam
452 1897 590 1951 sicut
628 1898 682 1949 in
734 1898 1182 1951 institutionis
1233 1899 1401 1951 libro
1442 1899 1690 1968 diximUS,
1731 1917 1865 1967 quae
1904 1901 1959 1952 in

271 1971 505 2023 virorum
546 1973 806 2042 genituris
841 1973 1102 2041 dicuntur,
1136 1973 1252 2042 ipsa
1285 1976 1338 2025 et
1369 1973 1426 2024 in
1456 1973 1775 2026 feminarum
1816 1974 1958 2044 geni-

268 2045 404 2097 turis
445 2050 744 2114 operantur.
1982 2069 2023 2101 25

180 2102 252 2154 40
384 2118 721 2188 [Saturnus
762 2121 826 2173 in
867 2119 1263 2191 Sagittario]
1335 2119 1649 2189 Quicunque
1688 2121 1745 2173 in
1786 2121 1956 2191 Sagit—

271 2193 409 2245 tario
452 2192 740 2247 Saturnum
779 2194 1087 2263 habuerint,
1126 2194 1375 2264 periculis
1416 2199 1468 2247 et
1506 2197 1690 2248 multis
1730 2196 1958 2265 aegritu-

273 2266 485 2320 dinibus
532 2269 880 2338 inplicantur,
931 2274 983 2321 et
1029 2287 1203 2337 neque
1251 2269 1315 2321 de
1361 2270 1595 2337 paternis
1641 2271 1848 2339 <neque
1895 2270 1957 2321 de

271 2341 559 2409 maternis>
605 2343 921 2395 substantiis
968 2343 1168 2410 aliquid
1218 2347 1627 2411 consequuntur.
1704 2342 1767 2396 In
1815 2344 1957 2395 dam-

271 2415 354 2467 nis
387 2434 511 2469 vero
545 2420 598 2468 et
628 2416 1076 2470 sollicitudinibus
1110 2420 1264 2468 erunt
1296 2416 1558 2485 maximis,
1589 2421 1642 2469 et
1672 2435 1767 2486 per
1792 2421 1958 2469 semet
1981 2438 2025 2471 80

270 2488 415 2557 ipsos
462 2489 746 2542 maximam
802 2491 1155 2543 substantiam
1210 2491 1503 2559 consecuti,
1552 2491 1689 2543 hanc
1739 2491 1957 2543 eandem

394 2610 414 2646 1
449 2605 613 2663 initiis]
649 2605 815 2650 officiis
847 2621 872 2650 σ
900 2608 907 2662 Ι
933 2607 1209 2650 honestatur
1240 2608 1279 2649 Δ
1404 2611 1428 2647 3
1461 2607 1767 2651 transferatur
1797 2610 1837 2650 Δ

274 2668 295 2705 7
332 2665 421 2721 leqe
452 2663 538 2706 alis
660 2670 686 2708 8
717 2665 928 2721 pluribus
962 2668 1000 2708 Δ
1133 2671 1156 2708 9
1191 2667 1462 2721 separentur
1493 2669 1615 2708 Boo
1737 2665 1882 2723 lO-si]
1918 2665 1956 2708 si

272 2722 334 2764 sit
357 2727 394 2764 N
427 2723 506 2766 sed
539 2741 566 2766 κ
600 2725 824 2767 Saturnus
856 2728 881 2776 ζ
910 2725 990 2768 dez.
1019 2739 1044 2767 σ
1153 2729 1205 2767 15
1241 2725 1288 2767 in
1313 2725 1451 2779 prius
1482 2738 1564 2768 om.
1591 2727 1631 2767 A
1743 2730 1796 2768 21
1830 2725 1954 2780 ipsos

274 2784 312 2825 A
421 2787 475 2825 22
509 2785 556 2826 et
588 2784 627 2840 ζ]
660 2783 749 2842 tibi
781 2783 866 2840 (ibi
896 2799 926 2826 v
958 2784 1008 2841 [Ο
1023 2783 1083 2842 .9])
1207 2788 1260 2826 23
1294 2782 1342 2825 in
1375 2797 1458 2826 om.
1485 2786 1523 2826 A
1552 2785 1559 2839 Ι
1585 2783 1641 2837 cf.
1668 2785 1701 2826 Ι
1719 2798 1769 2839 p.
1797 2787 1914 2836 58,11

274 2846 328 2883 24
354 2841 586 2899 dicuntur]
615 2842 810 2886 dicimus
842 2845 895 2888 cl.
930 2844 955 2886 l.
990 2856 1025 2887 c.
1060 2846 1084 2894 ζ
1181 2847 1236 2885 25
1269 2843 1487 2897 operatur
1518 2844 1627 2898 (scil.
1654 2842 1901 2894 Saturnus)
1927 2860 1953 2885 κ

273 2904 327 2942 26
355 2901 513 2943 lemma
538 2915 619 2945 om.
648 2904 686 2944 A
717 2904 721 2957 Ι
751 2901 838 2953 Qui
865 2901 1114 2944 Saturnum
1139 2901 1187 2943 in
1214 2900 1468 2955 Sagittario
1494 2904 1533 2944 A
1658 2906 1710 2942 27
1737 2901 1953 2944 habuerit

272 2963 345 3000 An
373 2961 379 3014 Ι
408 2959 639 3019 (multis)
672 2961 810 3015 peric.
843 2962 911 3005 vel
939 2962 1037 3005 sim.
1072 2975 1097 3002 σ
1218 2963 1273 3002 28
1305 2960 1411 3003 add.
1445 2974 1470 3002 6
1591 2965 1645 3002 30
1679 2963 1725 3003 et
1756 2960 1805 3001 in
1838 2964 1867 3002 0
1916 2994 1918 2996 ,
