2084 3192
279 166 386 217 256
1013 165 1242 209 FIRMICI

273 286 470 355 leprae,
510 286 629 338 aliis
669 286 1042 355 inpetiginem,
1082 286 1200 338 aliis
1239 286 1550 355 hydropem,
1592 286 1711 338 aliis
1750 286 1969 355 pthisin,

220 360 257 413 5
275 360 394 412 aliis
435 359 792 428 elephantiam
827 359 1062 412 decernit
1099 360 1204 412 ista
1235 361 1556 413 coniunctio,
1634 358 1838 422 Quodsi
1867 359 1968 412 hos

274 436 350 486 sic
403 434 674 486 ordinatos
722 434 972 487 benivola
1029 436 1183 486 stella
1228 452 1485 502 prospera
1540 433 1835 486 radiatione
1889 453 1967 487 re-

275 508 521 576 spexerit,
560 507 692 560 haec
726 508 860 560 vitia
892 507 1223 578 mitigantur.
1302 507 1360 559 Si
1398 526 1524 560 vero
1563 510 1771 560 nullum
1803 507 1967 560 fuerit

273 581 639 634 benivolarum
680 584 955 634 stellarum
995 582 1387 650 testimonium,
1434 585 1488 634 et
1533 583 1714 634 locum
1751 581 1871 634 vitii
1909 582 1967 635 in
2013 605 2032 637 5

274 655 446 708 solido
487 656 640 725 signo
689 656 1009 709 collocatum
1059 655 1340 708 malivolae
1391 655 1573 708 stellae
1621 656 1751 707 forti
1798 655 1966 707 radia-

199 768 203 770 -
273 731 418 782 tione
467 730 821 798 respexerint,
876 730 1085 782 decreta
1137 729 1270 782 vitia
1323 730 1516 782 fortius
1573 731 1964 782 convalescunt.

274 803 332 856 Si
369 822 494 856 vero
535 804 717 871 aequis
756 804 1113 872 potestatibus
1152 805 1295 856 hunc
1333 804 1558 856 eundem
1603 805 1783 856 locum
1820 804 1965 856 beni-

274 878 422 930 volae
462 878 850 946 malivolaeque
889 878 1189 946 respiciant,
1228 880 1280 929 et
1322 878 1572 930 desinunt
1603 877 1735 930 vitia
1767 878 1966 946 pariter

216 951 326 1004 fiet
365 954 622 1004 crescunt.
701 951 758 1004 Si
803 970 930 1005 vero
978 952 1309 1022 inpugnante
1356 951 1608 1004 malivola
1655 951 1810 1004 stella
1860 952 1963 1004 for·
1988 975 2031 1007 ιο

271 1027 409 1078 tiora
456 1026 824 1078 benivolarum
875 1027 1147 1078 stellarum
1194 1026 1503 1078 testimonia
1548 1025 1769 1093 fuerint,
1817 1029 1871 1078 et
1917 1026 1963 1078 si

271 1100 698 1153 coniunctionem
756 1099 938 1152 Lunae
993 1100 1270 1153 benivolae
1325 1099 1509 1152 stellae
1564 1101 1878 1168 suscipiant,
1932 1119 1963 1151 a

271 1174 593 1241 quibusdam
633 1174 946 1226 numinibus
986 1174 1052 1226 ab
1094 1175 1213 1226 istis
1253 1173 1614 1242 periculorum
1647 1173 1962 1227 discrimini-

268 1248 370 1300 bus
408 1247 719 1300 liberantur.
799 1247 857 1300 Si
889 1266 1014 1300 vero
1046 1248 1293 1300 benivola
1324 1247 1478 1300 stella
1509 1247 1809 1315 excipiente
1841 1265 1961 1300 con-

271 1323 598 1374 iunctionem
653 1322 836 1374 Lunae
889 1323 1144 1375 vitiorum
1197 1322 1375 1375 locum
1433 1323 1715 1375 malivolae
1777 1322 1962 1374 stellae
1985 1346 2026 1378 15

269 1396 480 1448 fortiori
533 1390 828 1449 radiatione
882 1396 1194 1465 respiciant,
1245 1396 1480 1448 numinis
1536 1397 1760 1448 alicuius
1814 1414 1961 1464 prae-

217 1468 249 1519 7
271 1470 405 1522 sidio
461 1470 808 1538 temporalem
861 1471 1115 1523 vitiorum
1168 1470 1406 1539 requiem
1457 1474 1825 1538 consequetur.
1903 1469 1960 1522 Si

269 1562 394 1596 vero
428 1545 690 1597 benivolis
723 1543 893 1596 stellis
924 1545 1240 1597 fortioribus
1281 1544 1632 1597 existentibus
1664 1544 1959 1598 Mercurius

269 1619 699 1671 coniunctionem
738 1619 920 1670 Lunae
959 1620 1222 1672 venientis
1264 1619 1555 1686 exceperit,
1594 1621 1687 1670 aut
1726 1619 1960 1670 incanta-

269 1691 524 1760 tionibus,
562 1695 655 1744 aut
692 1693 956 1761 remediiS,
994 1696 1086 1744 aut
1125 1693 1399 1745 filacteriis
1439 1711 1504 1744 ex
1545 1692 1661 1744 istis
1703 1692 1958 1744 discrimi-
1983 1716 2025 1748 20

268 1767 427 1818 nibus
466 1766 775 1818 liberantur.
855 1765 911 1819 Si
949 1785 1074 1819 vero
1116 1767 1378 1819 benivolis
1432 1766 1601 1819 stellis
1640 1766 1957 1818 fortioribus

269 1840 622 1893 existentibus
660 1840 803 1893 Mars
851 1840 959 1892 illis
1007 1841 1186 1909 aliqua
1234 1858 1289 1892 se
1333 1840 1628 1892 radiatione
1675 1841 1957 1893 coniunxe-

267 1914 361 1982 rit,
407 1915 597 1966 vitium
646 1915 790 1982 quod
837 1915 1106 1966 decretum
1160 1915 1343 1980 fuerit,
1399 1932 1463 1966 ex
1510 1914 1772 1966 medicina
1815 1933 1957 1966 cura-

267 1988 497 2057 bit<ur>.
577 1987 634 2040 Si
667 1987 928 2040 Saturnus
967 1989 1025 2040 in
1056 1987 1177 2041 VII.
1209 1989 1274 2040 ab
1314 1989 1614 2057 horoscopo
1645 1990 1762 2040 loco
1795 1988 1958 2041 fuerit

268 2061 541 2131 inventuS,
595 2065 649 2115 et
703 2063 757 2114 in
803 2062 907 2115 1106
951 2063 1071 2116 1060
1119 2063 1441 2114 constitutus
1488 2062 1693 2114 Lunam
1748 2063 1804 2114 in
1851 2063 1955 2115 alio
1981 2085 2022 2117 25

269 2136 482 2187 cardine
528 2136 947 2205 <constitutam>
991 2136 1186 2189 viderit
1239 2136 1474 2205 qualibet
1530 2136 1845 2204 radiatione,
1900 2137 1957 2188 in

212 2209 542 2262 8absconsis
587 2210 719 2262 locis
766 2229 797 2262 a
843 2211 1063 2262 medicis
1118 2210 1450 2263 secabuntur.
1530 2209 1587 2262 Si
1632 2228 1758 2263 vero
1804 2210 1957 2262 Luna

267 2284 431 2335 fuerit
486 2285 691 2336 minuta
744 2284 1057 2353 luminibUS,
1113 2287 1165 2336 et
1218 2283 1460 2353 Iuppiter
1513 2284 1714 2336 alienus
1764 2283 1880 2352 [sit]
1924 2303 1955 2335 a

268 2357 573 2410 cardinibus
613 2358 819 2410 Lunam
858 2357 1038 2426 aliqua
1076 2359 1371 2411 radiatione
1410 2359 1679 2426 respiciat,
1722 2359 1885 2422 secati
1925 2377 1955 2410 a

266 2431 487 2483 medicis
527 2432 838 2483 interibunt.
917 2430 973 2484 Si
1019 2450 1144 2484 vero
1185 2432 1335 2484 Luna
1381 2435 1433 2484 et
1475 2430 1705 2484 Saturno
1753 2433 1828 2484 sic
1874 2450 1953 2484 01·-
1977 2453 2020 2486 ³0

264 2505 464 2557 dinatis
519 2507 656 2557 sicut
711 2506 963 2574 diximus,
1018 2506 1160 2558 Mars
1217 2524 1335 2557 curn
1390 2505 1653 2558 Mercurio
1704 2505 1953 2574 par<til>i

388 2729 408 2766 1
444 2724 669 2779 ydropem
703 2729 741 2766 N
806 2727 811 2780 Ι
872 2724 1017 2780 pthisi
1056 2726 1128 2782 W]
1161 2726 1324 2781 ptisim
1362 2730 1400 2767 N
1537 2729 1562 2767 5
1596 2724 1835 2768 stellarum
1867 2738 1950 2768 om.

267 2787 321 2823 W
443 2787 467 2824 6
501 2783 633 2839 signo
660 2785 702 2840 6]
728 2783 830 2827 1060
956 2790 1006 2827 12
1033 2790 1074 2828 et
1098 2789 1152 2827 14
1186 2784 1563 2827 coniunctionum
1587 2788 1625 2825 N
1747 2787 1800 2826 18
1833 2783 1951 2825 Mer-

266 2841 383 2884 curii
418 2841 796 2896 coniunctionum
827 2843 1006 2885 Lunam
1037 2848 1075 2884 N
1226 2849 1280 2887 20
1320 2842 1531 2886 filateriis
1562 2847 1663 2884 NW
1814 2846 1867 2883 22
1902 2856 1950 2886 se

267 2914 349 2942 om.
375 2905 414 2941 N
536 2906 590 2944 24
617 2902 720 2944 add.
749 2904 772 2953 ζ
890 2906 944 2944 26
978 2903 1081 2945 add.
1110 2905 1133 2954 ζ
1252 2907 1306 2945 28
1339 2903 1421 2946 del.
1447 2906 1471 2954 ζ
1589 2906 1643 2944 29
1677 2901 1835 2956 aliqua
1860 2901 1949 2943 Lu-

264 2973 375 3001 nam
408 2964 461 3000 W
583 2964 634 3002 31
670 2961 774 3003 add.
808 2964 832 3012 ζ
