2066 3192
259 129 331 183 90
990 128 1219 174 FIRMIOI

256 251 367 304 rior
414 252 634 304 effectus
681 253 734 302 et
780 249 1024 303 dextrum
1063 250 1342 320 possidens
1380 249 1521 303 latus
1559 249 1741 302 Iovem
1777 250 1834 302 in
1869 250 1949 303 in-

257 324 441 378 feriori
478 325 597 378 loco
637 325 988 378 constitutum
1028 325 1285 393 quadrata
1315 323 1610 377 radiatione
1641 324 1950 393 respexerit,

258 402 463 468 patrem
515 399 676 452 faciet
724 399 827 452 ista
878 399 1184 453 coniunctio
1236 399 1378 452 claro
1428 397 1728 452 nobilitatis
1778 398 1950 467 splen-

259 473 384 527 dore
433 473 752 541 decoratum,
804 473 896 525 sed
942 473 1326 543 patrimonium
1371 473 1538 543 patris
1585 473 1779 525 misera
1823 472 1951 525 facit

256 547 620 618 publicatione
665 547 944 616 proscribi,
992 551 1044 600 et
1091 548 1314 600 fortium
1361 566 1421 600 ac
1467 546 1729 600 malorum
1777 547 1949 600 inimi-

259 640 444 676 corum
482 623 715 675 minaces
755 621 989 674 concitat
1026 622 1225 675 turbas.

371 695 687 766 [Iuppiter
733 700 794 749 et
840 695 1051 749 Venus
1100 695 1436 765 quadrati]
1515 694 1572 748 Si
1611 693 1856 764 Iuppiter
1898 698 1951 748 et

256 769 439 824 Venus
483 770 741 840 quadrata
778 771 979 824 fuerint
1016 771 1313 824 radiatione
1353 770 1647 839 coniuncti,
1687 772 1740 822 et
1779 770 1951 822 dextri

74 857 268 898 soz-7001!
289 844 534 914 quadrati
594 844 838 914 Iuppiter
907 845 1233 914 superiorem
1288 845 1565 913 possidens
1618 846 1827 914 partem
1896 843 1951 895 in

258 919 475 973 sinistro
528 919 786 989 quadrato
827 919 1089 972 Venerem
1141 920 1489 973 constitutam
1540 918 1736 970 minaci
1782 918 1950 970 radia·

256 995 403 1047 tione
457 993 773 1063 respexerit,
833 994 1126 1047 multorum
1181 993 1430 1047 amicitiis
1485 992 1791 1047 coniunctio
1847 992 1951 1045 ista

259 1087 465 1138 semper
511 1069 768 1138 adsociat,
819 1072 872 1121 et
922 1068 1241 1121 feminarum
1294 1066 1556 1137 praesidio
1603 1069 1658 1119 et
1705 1069 1852 1119 actus
1899 1070 1951 1119 et

257 1142 405 1195 lucra
452 1143 633 1196 eadem
680 1143 843 1196 faciet
887 1144 1093 1196 ratione
1141 1142 1391 1210 conferri,
1447 1145 1499 1194 et
1550 1159 1760 1194 omnem
1811 1141 1952 1194 vitae

259 1217 612 1271 substantiam
649 1217 877 1271 honesta
916 1216 1176 1287 dignitate
1217 1235 1424 1286 semper
1463 1219 1709 1284 exornat,
1759 1218 1812 1268 et
1849 1214 1951 1267 hos

260 1292 471 1346 eosdem
522 1292 740 1345 deorum
791 1291 1080 1362 religiones
1132 1292 1326 1344 devoto
1380 1290 1540 1344 faciet
1592 1289 1951 1343 venerationis

209 1366 237 1418 7
259 1367 447 1419 ardore
502 1385 725 1419 servare.
820 1365 877 1419 Si
936 1384 1061 1419 vero
1117 1365 1300 1419 Venus
1353 1365 1595 1434 superior
1651 1365 1836 1417 effecta
1898 1367 1952 1416 et

258 1441 504 1494 dextrum
550 1440 828 1510 possidens
874 1441 1015 1493 latus
1073 1438 1255 1493 Iovem
1296 1440 1352 1492 in
1391 1439 1631 1492 inferiori
1669 1440 1789 1492 loco
1829 1455 1951 1491 con-

257 1515 506 1569 stitutum
547 1515 804 1584 quadrata
841 1515 1136 1568 radiatione
1169 1514 1476 1584 respexerit,
1516 1517 1570 1566 et
1601 1531 1664 1565 ex
1697 1513 1800 1566 ista
1832 1531 1951 1565 con-

257 1590 528 1643 iunctione
568 1607 810 1642 amorum
852 1589 1088 1642 decernit
1127 1589 1405 1642 illecebras
1414 1631 1428 1658 ,
1477 1590 1529 1640 et
1570 1587 1708 1641 circa
1748 1587 1951 1640 cultum

258 1663 420 1718 vestis
460 1663 585 1732 <et>
625 1664 863 1733 corporis
903 1663 1101 1717 morari
1140 1663 1393 1732 perficiet,
1431 1667 1492 1716 ut
1522 1663 1656 1731 (ex)
1695 1662 1799 1714 ista
1831 1679 1952 1715 con-

259 1738 531 1791 iunctione
568 1738 797 1791 libenter
837 1756 1044 1807 semper
1083 1741 1322 1807 ornetur,
1363 1740 1414 1789 et
1452 1736 1728 1790 luxuriosa
1765 1735 1951 1804 volup-

257 1816 428 1866 tatum
483 1813 741 1866 desideria
789 1831 997 1881 semper
1049 1811 1251 1865 indicit.
1335 1811 1439 1865 Sed
1494 1811 1952 1880 quotienscunque

258 1905 514 1957 prospera
574 1887 809 1940 laetitiae
874 1886 1068 1957 gaudia
1128 1886 1328 1939 fuerint
1391 1885 1687 1954 consecuti,
1751 1886 1950 1938 totiens

378 2035 439 2090 (1)
472 2033 513 2078 εἰ
545 2034 595 2077 δὲ
629 2032 652 2076 ὁ
676 2031 836 2083 ρΉλιος
869 2032 1104 2078 δεκατεύει
1135 2033 1218 2077 τὸν
1249 2030 1357 2087 Δία,
1391 2031 1415 2077 ὁ
1448 2030 1532 2088 μὲν
1563 2030 1717 2087 πατὴρ
1742 2030 1951 2087 λαμπρὸς

258 2092 384 2138 πάνυ
411 2093 549 2148 ἔσται,
580 2091 638 2136 τὰ
671 2091 722 2137 δὲ
755 2092 963 2167 κτήματα
987 2091 1153 2137 τούτου
1179 2098 1407 2148 μειοῦται·
1455 2090 1481 2147 ἢ
1506 2090 1594 2148 γὰρ
1619 2097 1672 2148 τῇ
1699 2088 1829 2134 πόλει
1853 2106 1951 2134 κοι-

260 2160 424 2198 νοῦται
469 2150 494 2208 ἢ
526 2156 588 2211 τῷ
620 2154 729 2210 λαῷ,
763 2152 908 2196 ἐνιοτε
941 2152 1020 2195 καὶ
1052 2151 1098 2196 οἱ
1128 2152 1292 2209 ἐχθροὶ
1325 2152 1469 2201 αὐτοῦ
1500 2149 1584 2206 τὴν
1617 2155 1776 2205 κτῆσιν
1808 2151 1951 2194 αὐτοῦ

259 2214 637 2269 κληρονομοῦσιν.
682 2216 734 2254 12
754 2215 857 2265 171,
874 2215 934 2255 29
951 2214 1129 2256 πολλῶν
1149 2207 1437 2267 φίλους-,ἀπὸ
1455 2213 1674 2266 θηλυκῶν
1691 2209 1950 2263 προσώπων

259 2271 452 2326 πράσεις
483 2271 564 2314 καὶ
597 2269 738 2326 κέρδη
773 2270 977 2329 ἔχοντας,
1011 2268 1223 2322 ἀστείους
1254 2269 1305 2315 δὲ
1330 2268 1449 2323 λίαν,
1473 2268 1882 2326 θεοσεβεστάτους·
1910 2269 1951 2312 εἰ

261 2329 311 2375 δὲ
331 2331 449 2388 [καὶ]
467 2330 494 2386 ἡ
513 2328 750 2386 Ἀφροδίτη
768 2330 850 2374 τὸν
863 2327 957 2373 Δία
970 2330 1220 2385 ὑπερτερεῖ,
1235 2329 1444 2385 ἐρωτικοὶ
1460 2327 1656 2382 ἔσονται,
1670 2330 1951 2386 περικαλλῶς

261 2388 531 2446 (περιάλλως
554 2391 597 2444 κ)
632 2389 811 2447 ἔχοντες
837 2389 902 2438 εἰς
926 2396 1151 2444 γυναῖκας
1175 2391 1441 2445 φιλοχαρεῑς
1465 2404 1511 2431 τε
1536 2387 1617 2431 καὶ
1642 2384 1947 2443 φιλοκόσμιοι,

261 2449 380 2505 πλὴν
412 2449 495 2506 οὐχ
529 2447 673 2499 οὕτως
703 2449 754 2493 ἐν
784 2456 885 2499 ταῖς
916 2455 1007 2492 τῶν
1039 2447 1251 2502 πράξεων
1285 2447 1522 2505 ἐπιβολαῖς
1552 2445 1947 2504 ἐπιτυγχάνοντες.

383 2587 403 2625 1
439 2581 658 2625 inferiore
682 2584 722 2626 Δ
816 2586 841 2624 3
866 2583 1049 2638 patrem
1081 2599 1107 2624 κ
1131 2596 1186 2626 em
1212 2581 1377 2638 Catal]
1403 2582 1560 2624 tamen
1588 2581 1594 2635 Ι
1623 2578 1948 2623 coniunctione

260 2656 372 2686 corr.
399 2640 450 2683 A'
532 2646 558 2684 4
583 2640 731 2697 patris
764 2643 806 2685 Γ
823 2641 985 2684 matris
1010 2643 1097 2684 AG
1122 2641 1204 2684 del.
1231 2656 1257 2683 a
1285 2642 1290 2696 Ι
1319 2640 1460 2684 faciet
1491 2642 1529 2683 Δ
1609 2643 1634 2681 5
1659 2637 1884 2694 proscribi
1902 2639 1947 2696 κ]

264 2700 493 2744 conscribi
602 2704 655 2743 10
687 2700 890 2757 positam
922 2702 961 2743 Δ
1073 2704 1125 2743 12
1160 2699 1362 2742 associat
1393 2701 1441 2743 et
1471 2698 1548 2756 11²]
1582 2697 1783 2742 associat
1813 2701 1949 2740 A132a

266 2759 490 2804 societate
520 2765 596 2803 cet.
682 2764 734 2802 13
767 2759 949 2815 perficit
980 2761 1019 2802 A
1108 2763 1162 2803 14
1194 2759 1277 2802 has
1310 2758 1497 2802 easdem
1529 2759 1616 2800 AG
1693 2761 1746 2799 15
1781 2756 1947 2800 devoto

262 2819 339 2876 12²]
365 2819 534 2862 devota
561 2821 566 2874 Ι
593 2818 904 2866 venerationis
930 2818 1094 2861 ardore
1118 2819 1180 2875 A]
1204 2818 1501 2862 veneratione
1522 2819 1568 2860 Γ
1625 2821 1677 2858 18
1705 2817 1751 2858 et
1775 2830 1858 2860 om.
1877 2818 1915 2859 A

267 2882 318 2920 19
352 2877 616 2935 illecebras]
658 2876 942 2934 cupiditates
981 2881 1019 2918 N
1138 2881 1192 2920 20
1231 2877 1337 2921 add.
1380 2878 1446 2921 bis
1485 2878 1519 2930 ζ,
1551 2876 1696 2932 plura
1734 2875 1948 2920 excidisse

257 2941 398 2994 putat
428 2953 454 2980 κ
547 2941 599 2980 21
633 2937 927 2994 voluptatum
960 2936 1006 2994 κ]
1038 2935 1280 2991 voluptate
1312 2940 1392 2978 AR
1427 2934 1667 2978 voluntate
1700 2937 1822 2976 Bne

1975 943 2018 974 Ῑϋ

1977 1313 2017 1346 15

1977 1687 2019 1719 20
