2066 3192
245 120 317 174 60
972 117 1202 163 FIRMICI

243 240 551 295 hominibus
597 239 869 309 potentiae
915 239 1138 292 alicuius
1186 240 1341 291 erunt
1386 237 1589 292 honore
1627 237 1936 309 praepositi,

246 318 338 367 aut
375 315 609 366 musicae
647 313 836 366 modos
876 313 1019 365 dulci
1057 311 1422 365 modulatione
1461 315 1795 382 conponunt,
1844 316 1937 365 aut

246 391 542 457 sequuntur
595 390 738 440 certe
792 388 1032 457 poeticae
1087 386 1446 456 disciplinam,
1504 389 1596 439 aut
1651 390 1807 438 erunt
1858 387 1936 439 in-

245 464 471 516 fectores
512 461 766 529 colorum,
805 465 898 513 aut
937 480 1034 530 per
1072 460 1218 529 ipsos
1259 463 1559 512 aromatum
1600 460 1732 513 odor
1767 460 1936 513 suavi-

246 537 375 589 tatis
415 535 667 603 adfertur,
706 538 800 588 aut
835 535 1190 603 pretiosarum
1230 553 1560 606 gemmarum
1591 552 1806 604 merceS,
1846 537 1938 586 aut
1984 555 2004 587 5
2058 513 2066 600 i

245 612 556 681 peregrinae
609 609 992 680 negotiationis
1048 609 1225 661 officia
1277 608 1605 677 tractabunt,
1658 612 1720 660 ut
1769 609 1938 660 omni·
2060 604 2066 664 l

180 743 183 745 ,
246 685 435 738 fariam
475 703 540 737 ex
579 684 695 737 istis
735 683 943 736 actibus
983 686 1036 735 et
1073 682 1456 752 patrimonium
1494 683 1603 735 illis
1636 682 1940 736 conferatur

247 763 300 811 et
340 759 585 830 dignitas
647 758 822 810 Erunt
863 776 988 810 sane
1026 757 1084 809 in
1121 775 1346 809 venereo
1379 756 1524 810 coitu
1555 756 1846 825 libidinosi,
1886 759 1940 809 et

248 837 341 902 qui
379 833 552 885 aliena
587 831 928 885 matrimonia
958 850 1121 901 prava
1152 833 1349 884 mentis
1381 831 1674 900 cupiditate
1707 848 1939 884 corrum-
2059 872 2063 904 ξ

247 911 392 976 pant.
469 906 645 958 Erunt
688 906 870 958 vitiosi
910 909 962 958 et
1002 906 1095 974 qui
1134 905 1198 957 de
1237 905 1356 958 istis
1395 905 1542 957 vitiis
1582 905 1767 958 crebra
1807 922 1940 957 sem·
1964 925 2007 959 10
2060 905 2063 949 ’ἕ

246 1001 343 1051 per
380 982 660 1051 pulsentur
697 980 932 1033 infamia.

200 1060 227 1110 7
361 1055 499 1118 Quid
539 1058 716 1107 autem
747 1053 1043 1107 Mercurius
1083 1053 1139 1105 in
1180 1053 1335 1106 domo
1370 1053 1549 1106 Lunae
1587 1053 1846 1122 decernat,
1884 1053 1941 1105 in

248 1129 436 1199 primis
474 1128 599 1182 libri
637 1129 883 1198 partibus
923 1128 1126 1181 dictum
1166 1131 1259 1180 est.

1047 1260 1139 1315 VI.

199 1370 228 1422 1
361 1365 558 1436 [Luna
608 1366 672 1418 in
723 1366 902 1419 domo
956 1384 1066 1418 sua
1115 1365 1216 1419 vel
1262 1365 1325 1418 in
1373 1365 1606 1418 decano
1655 1364 1806 1434 suo]
1886 1363 1943 1417 Si
1968 1384 2010 1418 15

248 1440 401 1493 Luna
446 1441 502 1492 in
550 1440 708 1493 domo
756 1459 852 1493 sua
895 1440 982 1492 vel
1027 1439 1085 1492 in
1132 1439 1328 1492 decano
1377 1457 1472 1493 suo
1511 1439 1675 1492 fuerit
1712 1439 1943 1508 inventa,

251 1518 304 1568 et
343 1514 414 1567 sit
450 1518 713 1567 nocturna
745 1514 1004 1585 genitura,
1044 1532 1293 1584 magnam
1338 1513 1695 1566 substantiam
1739 1516 1793 1565 et
1837 1532 1943 1566 ma-

251 1608 386 1660 gnae
426 1589 627 1659 gloriae
668 1589 904 1641 decernit
942 1588 1190 1658 insignia,
1246 1591 1298 1640 et
1346 1588 1617 1656 potentiae
1668 1587 1942 1641 cuiusdam

252 1664 490 1733 assignat
530 1663 791 1732 officium,
841 1663 1153 1731 praesertim
1195 1662 1242 1714 si
1281 1662 1336 1714 in
1374 1661 1760 1731 principalibus
1799 1663 1943 1732 geni-

250 1741 400 1790 turae
439 1738 574 1791 locis
612 1738 775 1790 fuerit
813 1738 1042 1790 inventa.
1112 1736 1295 1790 Faciet
1332 1754 1427 1804 per
1458 1739 1623 1789 semet
1653 1736 1800 1804 ipsos
1833 1736 1943 1788 ido·
1969 1757 2011 1789 20

251 1830 352 1864 nea
396 1811 500 1863 sibi
549 1814 863 1879 quaerentes
911 1810 1150 1863 subsidia
1187 1810 1519 1880 facultatum,
1571 1810 1813 1863 efficaces
1851 1828 1944 1880 po-

251 1886 464 1955 pulares
503 1886 748 1939 artifices.
819 1884 876 1937 Si
914 1903 1039 1938 vero
1071 1885 1236 1937 fuerit
1267 1885 1455 1936 diurna
1487 1885 1747 1954 genitura,
1784 1884 1944 1936 faciet

252 1960 548 2013 laboriosos
595 1960 928 2030 peregrinos,
972 1963 1025 2011 et
1074 1977 1300 2028 quorum
1346 1959 1457 2011 vita
1503 1959 1770 2027 frequenti
1808 1959 1944 2027 peri-

90 2048 264 2092 sol.65²’I
287 2034 527 2087 culorum
578 2034 977 2087 continuatione
1029 2035 1331 2102 quassetur,
1382 2036 1474 2085 aut
1524 2032 1845 2085 valitudines
1892 2035 1945 2085 et

253 2109 384 2162 vitia
424 2126 542 2161 cum
585 2109 895 2162 acerborum
937 2108 1182 2160 dolorum
1222 2107 1459 2160 cruciatu
1499 2125 1707 2176 semper
1741 2106 1943 2159 indicit.
1969 2127 2010 2160 25

255 2181 391 2235 Sane
440 2183 495 2234 in
542 2186 803 2235 nocturna
847 2182 1092 2252 genitura
1132 2182 1178 2233 si
1217 2183 1272 2234 in
1312 2181 1469 2234 domo
1510 2199 1604 2233 sua
1643 2182 1727 2233 vel
1766 2181 1822 2232 in
1861 2181 1944 2233 de-

255 2275 386 2310 cano
434 2257 612 2325 posita
658 2256 749 2309 IX.
797 2257 862 2309 ab
911 2256 1213 2325 horoscopo
1259 2255 1490 2308 tenuerit
1534 2257 1733 2322 locum,
1779 2254 1945 2307 felici-

254 2334 420 2384 tatem
468 2330 678 2383 divitias
727 2331 951 2400 gloriam
1003 2330 1362 2399 principatum
1410 2347 1530 2382 cum
1582 2330 1813 2390 maxima
1853 2348 1944 2397 po-

255 2407 448 2457 testate
488 2404 734 2457 decernit.

378 2569 398 2606 1
435 2565 672 2620 potentiae
706 2565 750 2622 σ]
782 2564 989 2620 potentis
1141 2568 1167 2606 4
1201 2563 1355 2607 suavis
1389 2577 1413 2607 0·
1504 2568 1529 2606 6
1562 2563 1858 2608 omnifariam
1882 2563 1943 2621 Δ]

258 2625 315 2668 ob
348 2623 576 2667 nefariam
614 2626 659 2667 Γ
762 2628 786 2666 9
819 2623 1121 2666 matrimonia
1152 2624 1190 2680 ζ]
1225 2623 1508 2679 patrimonia
1535 2625 1541 2680 Ι
1570 2623 1870 2679 corrumpunt
1905 2625 1951 2666 Γ

259 2682 592 2739 concupiscant
624 2699 650 2725 κ
777 2686 830 2725 10
863 2681 944 2737 qui
978 2682 1034 2725 de
1071 2683 1137 2740 Γ]
1178 2682 1366 2738 quidem
1399 2685 1438 2725 Δ
1556 2687 1609 2725 13
1643 2697 1768 2738 quem
1802 2683 1946 2726 locum

258 2744 473 2798 respiciat
511 2743 734 2786 nescimus
743 2760 760 2796 ;
793 2742 974 2785 videtur
1004 2742 1210 2786 interisse
1364 2746 1415 2783 15
1449 2743 1607 2786 lemma
1640 2755 1721 2785 om.
1747 2743 1788 2783 Δ

259 2807 312 2843 22
346 2802 489 2844 faciet
520 2815 603 2844 om.
632 2804 670 2844 Δ
776 2805 831 2844 23
864 2800 1134 2855 frequenter
1164 2814 1276 2845 corr.
1302 2815 1365 2843 κσ
1456 2805 1512 2843 24
1544 2802 1791 2854 quassatur
1814 2802 1854 2842 Δ

258 2866 312 2903 25
348 2859 511 2904 acerbo
546 2876 572 2902 a
614 2862 620 2915 Ι
667 2859 824 2903 dolore
857 2862 895 2902 Δ
941 2862 946 2914 1
991 2860 1197 2902 cruciatu
1238 2872 1419 2915 semper
1451 2860 1495 2914 σ]
1529 2858 1760 2902 cruciatus
1801 2871 1944 2901 emer-

257 2920 341 2976 git.
465 2922 519 2961 27
552 2918 834 2962 felicitatum
866 2921 905 2961 A
