2090 3198
292 164 399 217 336
1024 162 1252 207 FIRMICI

292 285 526 353 opifices,
605 283 710 336 Sed
746 284 805 336 hi
852 287 944 336 aut
982 284 1048 336 ab
1096 284 1279 354 aspide
1319 287 1413 336 aut
1452 303 1482 336 a
1520 284 1702 353 vipera
1739 285 1979 353 percussi

292 359 599 410 morientur.
677 356 740 410 In
786 361 938 427 parte
976 357 1066 410 IX.
1109 357 1319 428 Scorpii
1367 358 1688 427 quicumque
1732 358 1979 412 habuerit

290 434 663 501 horoscopum,
710 432 813 484 erit
850 432 1167 485 hortulanus
1198 432 1482 485 hortorum
1515 450 1723 501 semper
1753 432 1978 485 culturis

291 505 602 576 applicatus.
679 504 744 558 In
790 509 941 574 parte
987 505 1051 560 X.
1101 504 1310 576 Scorpii
1357 507 1680 575 quicumque
1730 506 1981 559 habuerit

290 580 664 648 horoscopum,
710 581 767 632 in
811 580 987 649 prima
1036 583 1207 632 aetate
1248 580 1518 633 morietur.
1596 579 1660 632 In
1698 579 1787 633 XI.
1828 583 1979 648 parte
2024 603 2045 636 5

292 653 500 723 Scorpii
540 655 863 723 quicumque
908 654 1155 707 habuerit
1192 654 1567 723 horoscopum,
1606 653 1707 706 erit
1754 654 1977 707 entheus

210 728 534 782 -4sacerdos
590 728 720 780 dans
774 745 1030 797 responsa
1079 728 1475 797 quaerentibus,
1551 726 1616 779 In
1661 731 1813 796 parte
1858 726 1978 781 XII.

292 801 599 871 Scorpionis
648 802 968 871 quicumque
1014 801 1263 854 habuerit
1308 803 1684 870 horoscopum,
1732 803 1833 854 erit
1876 821 1978 856 ser-

290 895 386 929 vus
427 875 753 945 templorum
792 876 875 929 vel
915 894 1186 929 sacrorum
1227 876 1497 945 obsequiis
1537 876 1838 944 deputatus,
1914 875 1978 928 In

289 954 441 1019 parte
479 949 625 1002 XIII.
667 949 978 1019 Scorpionis
1027 951 1349 1019 quicumque
1396 949 1682 1002 habuerint
1727 950 1978 1003 horosco-
2003 974 2045 1006 ιο

289 1044 435 1094 pum,
472 1023 624 1076 Luna
663 1024 717 1076 in
758 1024 939 1093 aliquo
979 1025 1191 1077 cardine
1231 1025 1541 1092 constituta,
1581 1027 1738 1077 erunt
1776 1024 1977 1078 iudices

289 1100 494 1151 famosa
523 1101 859 1167 reportantes
891 1098 1123 1168 insignia
1157 1098 1450 1168 dignitatis,
1482 1098 1546 1150 de
1578 1098 1805 1150 aliorum
1846 1098 1978 1150 iudi-

291 1191 410 1224 cum
451 1173 728 1226 sententiis
769 1173 1082 1243 iudicanteS,
1119 1173 1377 1225 habentes
1416 1172 1558 1225 vitae
1589 1173 1838 1241 necisque
1871 1191 1978 1225 ma-

238 1247 490 1299 5ximam
528 1249 865 1316 potestatem.
937 1246 1040 1299 Sed
1079 1246 1211 1299 haec
1251 1247 1359 1299 illis
1398 1249 1637 1315 potestas
1679 1246 1978 1299 decernitur

290 1321 355 1373 ab
389 1339 527 1373 anno
560 1320 726 1372 XXX.
750 1322 837 1373 vel
860 1320 1077 1372 XXXV.
1142 1319 1245 1373 Sed
1276 1321 1332 1372 hi
1365 1324 1418 1373 et
1450 1338 1642 1373 uxores
1674 1320 1977 1388 sortientur,
2002 1343 2043 1376 15

291 1399 342 1447 et
384 1395 675 1463 suscipient
712 1395 867 1447 filios
946 1394 1235 1448 Habebunt
1282 1395 1612 1448 climacteras
1652 1398 1705 1446 et
1743 1395 1977 1463 pericula

289 1488 428 1522 anno
453 1468 673 1521 XXVII.
709 1471 761 1521 et
791 1467 953 1521 XLII.
987 1472 1041 1522 et
1066 1467 1279 1539 LVIII;
1311 1487 1445 1537 quae
1478 1468 1714 1536 pericula
1745 1468 1790 1521 si
1823 1472 1977 1521 erunt

289 1561 427 1595 anno
459 1542 649 1595 LXVI.
683 1543 991 1595 morientur.
1056 1541 1160 1595 Sed
1198 1547 1356 1595 erunt
1394 1560 1515 1595 cum
1557 1543 1789 1611 quodam
1821 1543 1976 1612 vitio;

290 1624 382 1669 aut
437 1617 614 1687 gladio
670 1621 763 1669 aut
816 1617 956 1669 ferro
1014 1617 1314 1669 morientur
1358 1617 1443 1669 vel
1490 1617 1546 1668 in
1592 1635 1730 1684 aqua
1769 1618 1855 1669 vel
1901 1635 1978 1669 re-

289 1694 461 1759 pente.
531 1690 594 1743 In
634 1694 784 1759 parte
815 1690 960 1743 XIV.
994 1690 1300 1760 Scorpionis
1333 1692 1652 1760 quicumque
1691 1691 1978 1743 habuerint
2002 1712 2045 1745 so

288 1765 1976 1833 horoscopum,*******************

238 1837 314 1889 6*
359 1864 384 1886 »ι
427 1860 451 1886 *
495 1861 519 1886 »ι
562 1859 588 1887 *
630 1859 655 1887 *
717 1837 780 1891 In
818 1845 971 1907 parte
1002 1838 1144 1890 XVI.
1179 1838 1485 1908 Scorpionis
1525 1838 1848 1907 quicumque
1887 1839 1977 1890 ha-

289 1913 502 1965 buerint
547 1912 920 1982 horoscopum,
967 1917 1124 1966 erunt
1166 1915 1409 1981 pistores,
1489 1912 1690 1974 Quodsi
1728 1913 1881 1965 Luna
1921 1913 1976 1964 in

293 2005 629 2055 quocumque
684 1988 837 2057 signo
895 1986 1064 2039 clarae
1121 1989 1304 2039 stellae
1349 1987 1527 2054 fuerit,
1574 1990 1729 2038 erunt
1777 1987 1976 2039 iudices

291 2079 411 2114 cum
448 2079 641 2131 magna
679 2061 924 2114 licentiae
963 2063 1242 2130 potestate.
1308 2059 1509 2123 Quodsi
1540 2060 1683 2113 Mars
1723 2061 1779 2112 in
1812 2061 1975 2113 deiec-
2001 2082 2042 2114 25

289 2136 359 2188 tis
414 2136 546 2188 Iocis
600 2135 765 2187 fuerit
818 2136 1086 2203 inventus,
1136 2135 1297 2187 faciet
1343 2136 1710 2202 spiculatoreS,
1760 2135 1852 2186 sed
1890 2134 1975 2186 his

290 2210 421 2278 ipsis
467 2209 645 2279 gladio
698 2210 926 2261 cervices
981 2209 1415 2278 amputabuntur.
1493 2207 1557 2260 In
1605 2211 1756 2277 parte
1803 2207 1972 2260 XVII.

410 2375 434 2411 2
462 2369 530 2412 Sc.
556 2385 601 2425 p.
623 2371 670 2412 Γ
772 2374 795 2412 3
819 2370 996 2413 horosc.
1022 2369 1129 2413 hab.
1154 2367 1203 2411 A'
1236 2370 1413 2412 horosc.
1440 2382 1522 2411 om.
1543 2373 1577 2410 G
1683 2372 1708 2411 3
1735 2368 1974 2412 ortulanus

294 2431 382 2472 ΓΝ
424 2433 429 2475 l
473 2430 677 2471 ortorum
700 2429 826 2472 codd.
870 2431 875 2476 Ι
919 2428 1111 2472 culturis
1144 2442 1325 2484 semper
1357 2427 1608 2483 applicitus
1632 2431 1671 2469 N
1703 2428 1824 2470 curis
1858 2442 1974 2470 sem-

289 2502 372 2544 per
405 2487 669 2543 applicatus
701 2493 736 2529 D
872 2491 898 2530 4
930 2503 974 2542 p.
1008 2487 1061 2530 X.
1096 2493 1137 2531 et
1168 2492 1202 2529 G
1337 2493 1363 2529 4
1389 2492 1430 2529 ct
1459 2492 1483 2529 6
1516 2487 1692 2530 horosc.
1725 2485 1831 2529 hab.
1864 2486 1917 2528 A'

291 2552 317 2590 8
352 2546 615 2602 Scorpionis
647 2552 688 2590 et
718 2550 755 2588 A
802 2545 957 2602 Scorp.
993 2551 1027 2588 G
1058 2549 1162 2591 item
1194 2547 1221 2589 Z.
1250 2551 1317 2588 10.
1353 2551 1406 2588 22
1464 2548 1471 2602 Ι
1527 2547 1705 2589 horosc.
1738 2545 1846 2588 hab.
1876 2547 1923 2588 Γ

295 2611 347 2649 10
373 2607 548 2649 horosc.
573 2605 679 2648 hab.
706 2605 757 2646 A‘
788 2605 894 2648 hab.
922 2620 1005 2648 om.
1032 2610 1066 2647 G
1189 2610 1242 2648 16
1267 2604 1530 2648 climateras
1557 2609 1594 2646 A
1626 2603 1912 2647 climatteras
1936 2609 1975 2646 N

353 2670 404 2708 17
438 2664 625 2722 XXVII]
658 2664 870 2707 XXXVII
900 2664 957 2706 13¹
1080 2669 1134 2706 18
1167 2664 1248 2707 sed
1280 2690 1335 2695 —-
1367 2666 1557 2719 repente
1589 2677 1671 2706 om.
1697 2663 1755 2705 1³¹
1787 2663 1891 2706 add.
1917 2663 1976 2705 12²

293 2728 346 2766 19
382 2726 463 2766 aut
485 2724 605 2766 ferro
631 2738 713 2767 om.
739 2727 778 2764 N
812 2727 818 2778 Ι
856 2722 905 2765 in
932 2736 1054 2778 aqua
1083 2724 1148 2780 P]
1175 2723 1223 2765 in
1249 2722 1406 2777 aliqua
1430 2722 1489 2765 1³²
1512 2724 1564 2766 in
1588 2727 1726 2775 textu,
1750 2735 1859 2765 corr.
1887 2737 1971 2780 my.

291 2783 338 2824 ui
371 2782 529 2838 aliqua
559 2787 598 2824 N
749 2786 803 2824 20
839 2782 891 2825 In
922 2783 1055 2837 parte
1088 2782 1205 2825 XIV.
1239 2807 1293 2813 —
1328 2786 1380 2824 21
1414 2783 1723 2836 horoscopum
1754 2794 1837 2824 om.
1875 2783 1921 2824 Γ

293 2846 345 2884 21
381 2843 463 2885 lac.
489 2843 626 2885 indic.
653 2843 698 2885 Δ
718 2843 865 2896 suppl.
891 2857 918 2883 a
1055 2846 1108 2883 22
1142 2842 1238 2884 hor.
1264 2840 1370 2883 hab.
1397 2843 1436 2882 Δ
1573 2845 1626 2882 23
1659 2839 1860 2894 pictores
1894 2844 1975 2881 GN

292 2904 347 2942 24
382 2900 508 2943 clara
533 2899 669 2943 stella
692 2904 731 2941 N
756 2901 892 2954 (unde
915 2914 1007 2942 una
1030 2914 1113 2954 pro
1138 2899 1268 2942 Luna
1291 2901 1342 2943 in
1368 2901 1393 2942 l.
1414 2903 1468 2941 23
1496 2900 1535 2951 σ)
1571 2900 1576 2953 1
1616 2897 1789 2940 fuerint
1809 2899 1915 2941 ΓΙ)1

293 2964 348 3000 25
380 2973 576 3014 magnae
600 2963 638 3000 N
681 2959 687 3015 Ι
728 2958 947 3002 licentiae
971 2959 1032 3016 Δ]
1056 2958 1249 3001 licentia
1273 2971 1326 3000 ac
1348 2960 1393 3000 Γ
1508 2961 1563 2999 26
1597 2956 1908 3012 speculatores
1933 2960 1972 3000 Δ
