2078 3174
847 118 914 163 VI
944 122 1017 174 29,
1040 130 1200 163 12—19.
1771 118 1873 171 137

183 239 258 293 sic
288 239 574 294 habuerint
606 242 806 309 stellas,
833 238 1044 292 vitiosis
1077 240 1318 308 oppressi
1358 239 1676 292 humoribus
1715 238 1877 292 inter-

181 313 351 382 ibunt,
386 317 478 367 aut
507 314 746 367 insaniae
776 312 1046 366 furoribus
1086 313 1385 382 capiuntur,
1423 313 1461 381 †
1477 332 1510 365 a
1540 313 1674 365 mari
1708 314 1878 366 stellis

181 388 623 441 inundationibus
669 389 894 441 miserae
938 386 1217 439 habebunt
1261 387 1452 439 mortis
1503 387 1740 440 exitium.
1820 385 1878 439 Si
1899 387 1970 440 16

180 480 309 514 vero
351 462 437 515 his
483 461 560 514 sic
604 465 667 514 ut
713 461 961 528 diximuS,
1006 460 1062 513 id
1110 464 1190 514 est
1238 459 1362 514 Sole
1408 461 1562 514 Luna
1606 461 1779 514 Marte
1824 464 1877 514 et

137 556 157 590 5
185 534 414 589 Saturno
463 555 582 584 *ιιι*
629 535 685 588 in
731 534 876 588 VHI.
925 534 992 588 ab
1037 535 1338 604 horoscopo
1386 535 1504 589 loco
1551 534 1754 588 fuerint
1801 534 1878 587 in-

180 610 343 680 venti,
391 612 595 663 ceterae
643 628 770 662 vero
822 627 1007 662 omnes
1058 611 1243 662 stellae
1293 609 1350 661 in
1389 606 1480 662 VI.
1528 609 1615 662 vel
1660 611 1718 662 in
1757 608 1877 662 VII.

181 684 247 737 ab
287 685 588 754 horoscopo
623 685 744 737 loco
776 683 978 736 fuerint
1010 683 1346 752 constitutae,
1383 684 1583 736 :facient
1612 684 1877 736 lunaticos

181 758 565 828 epilempticOS,
605 761 657 811 et
699 776 929 826 quorum
969 761 1202 811 mentem
1237 757 1433 810 iratum
1463 757 1550 811 vel
1579 757 1876 828 malignum

179 850 379 885 numen
426 850 633 901 semper
679 833 931 902 exagitet,
975 835 1037 884 ut
1085 831 1231 885 omni
1277 831 1474 885 mentis
1520 833 1727 885 ratione
1766 835 1878 884 tur-

114 927 158 959 ιο
180 906 308 959 bata
345 906 648 960 inconsulta
687 906 800 959 sine
838 907 1046 959 ratione
1084 909 1304 975 repente
1345 905 1505 958 verba
1542 906 1824 975 proiciant.

286 979 344 1032 Si
382 980 441 1034 in
477 980 581 1034 viri
620 980 866 1051 genitura
898 981 954 1032 in
983 979 1103 1032 XII.
1134 982 1254 1033 loco
1287 981 1354 1033 ab
1385 979 1688 1050 horoscopo
1724 980 1877 1032 Luna
1898 979 1968 1032 17

180 1055 364 1107 uxoris
402 1055 566 1108 fuerit
603 1056 836 1122 inventa,
874 1054 929 1106 id
969 1059 1050 1108 est
1088 1054 1133 1107 si
1173 1054 1276 1107 hoc
1316 1053 1528 1125 signum
1569 1055 1625 1107 in
1658 1072 1763 1123 quo
1797 1057 1879 1106 est

181 1129 364 1181 uxoris
403 1129 558 1182 Luna
594 1130 789 1198 posita,
827 1131 886 1181 in
923 1129 1308 1182 cacodaemone
1346 1130 1494 1197 †aut
1532 1128 1676 1181 Mars
1714 1129 1880 1181 fuerit

181 1203 482 1273 inventum,
527 1204 689 1258 faciet
735 1221 958 1256 uxorem
998 1203 1246 1255 omnibus
1286 1202 1467 1255 mariti
1505 1203 1717 1256 iniuriis
1754 1203 1878 1254 sub—

115 1298 156 1330 15
181 1277 369 1346 iacere,
405 1280 458 1330 et
487 1277 586 1330 tali
618 1295 733 1330 eam
765 1278 961 1330 mentis
993 1277 1359 1330 moderatione
1393 1278 1663 1346 conponit,
1701 1280 1763 1329 ut
1794 1295 1878 1330 us-

182 1369 284 1420 que
325 1351 391 1403 ad
429 1351 679 1404 ultimum
721 1352 862 1404 diem
900 1352 1042 1404 vitae
1081 1351 1183 1404 viri
1222 1352 1446 1404 iniurias
1485 1351 1752 1420 patienter
1792 1370 1877 1404 ex·

182 1426 359 1494 cipiat.
407 1424 466 1478 Si
488 1444 674 1479 rursus
698 1426 802 1478 hoc
827 1426 1040 1495 signum
1064 1427 1122 1478 in
1146 1443 1252 1494 quo
1278 1426 1382 1478 viri
1407 1429 1488 1478 est
1510 1425 1663 1478 Luna
1685 1425 1878 1495 posita,
1898 1424 1968 1478 18

180 1501 237 1552 in
269 1500 655 1553 cacodaemone
685 1501 902 1569 †mater
933 1500 1115 1553 uxoris
1143 1500 1306 1553 fuerit
1331 1500 1700 1569 constitutum,
1732 1500 1879 1552 adul-

181 1578 351 1627 teram
386 1592 450 1626 ex
484 1574 586 1627 hoc
615 1574 991 1644 pronuntiabis
1022 1592 1259 1643 uxorem⁷
1292 1577 1345 1626 et
1374 1574 1538 1627 talem
1566 1593 1701 1643 quae
1724 1575 1878 1643 inpu-

114 1671 157 1703 20
182 1648 368 1701 denter
399 1652 585 1701 contra
614 1649 868 1701 maritum
901 1650 1140 1701 omnium
1174 1649 1487 1702 iniuriarum
1516 1666 1709 1718 genere
1733 1666 1879 1719 gras-

181 1725 349 1791 setur,
395 1724 526 1791 (ut)
565 1722 764 1777 iudicio
813 1723 1098 1776 sceleratae
1137 1723 1377 1776 mulieris
1416 1724 1610 1775 marito
1651 1722 1878 1774 adulteri

182 1796 328 1850 omni
353 1794 553 1866 'genere
583 1797 964 1866 praeferantur.
1021 1796 1126 1850 Sed
1150 1800 1204 1850 et
1226 1797 1407 1850 mariti
1430 1797 1526 1850 has
1550 1797 1772 1849 iniurias
1797 1815 1880 1848 su-

182 1871 455 1940 stinentes,
477 1874 656 1924 totum
673 1871 930 1941 quicquid
946 1889 1139 1924 uxores
1156 1871 1382 1924 fecerint
1399 1871 1666 1940 patienter
1680 1871 1876 1923 ferunt.

295 1943 353 1996 Si
390 1963 516 1999 vero
555 1963 694 1998 uxor
732 1948 786 1998 et
824 1946 1048 1998 maritus
1080 1947 1136 1998 in
1169 1946 1430 2016 genituris
1463 1947 1573 1998 suis
1604 1946 1661 1997 in
1694 1945 1878 1997 eodem
1899 1945 1970 1998 19

115 2041 157 2074 25
184 2021 336 2090 signo
376 2019 583 2072 Lunam
623 2019 910 2072 habuerint
949 2022 1279 2089 collocatam,
1320 2019 1406 2072 vel
1446 2020 1490 2072 si
1529 2019 1738 2071 Lunam
1777 2019 1880 2071 viri

182 2092 423 2163 Iuppiter
452 2093 692 2146 mulieris
725 2112 980 2162 prospera
1011 2094 1307 2146 radiatione
1337 2094 1604 2163 respiciat,
1644 2096 1736 2145 aut
1766 2112 1878 2145 rur-

304 2229 326 2267 1
362 2224 595 2281 oppressis
618 2229 658 2267 Π
696 2227 702 2281 1
744 2224 1016 2268 humoribus
1042 2225 1085 2283 σ]
1118 2225 1324 2268 moribus
1348 2229 1451 2266 ΠΨ
1572 2229 1598 2266 2
1632 2224 1881 2280 capiantur

182 2288 285 2326 ΠΨ
327 2286 333 2340 Ι
376 2298 404 2327 a
427 2284 546 2327 mari
569 2284 627 2342 Π]
653 2284 800 2327 amari
825 2289 879 2326 W
921 2286 927 2340 Ι
970 2286 1053 2327 aut
1077 2284 1217 2327 maris
1242 2284 1391 2328 saevis
1417 2286 1440 2336 ζ
1470 2284 1553 2327 aut
1577 2297 1604 2327 a
1628 2283 1880 2326 maritimis

184 2357 210 2386 σ
332 2347 357 2386 5
391 2344 474 2387 lae.
507 2349 611 2388 stat.
637 2344 679 2397 ζς
712 2343 804 2387 dix.
839 2343 1169 2402 (collocatis),
1200 2343 1325 2387 idest
1357 2342 1399 2386 S.
1430 2343 1549 2402 <et>
1575 2343 1640 2398 L„
1673 2342 1797 2385 Mars
1832 2346 1880 2385 et

185 2402 411 2446 Saturnus
443 2402 494 2446 in
524 2402 644 2446 vm.
677 2417 703 2446 σ
825 2408 851 2447 8
885 2402 1161 2459 epilenticos
1185 2407 1288 2445 ΠΨ
1338 2407 1343 2456 Ι
1393 2405 1599 2446 mentem
1631 2402 1804 2445 iratum
1837 2402 1880 2459 ζ]

183 2464 388 2506 mentem
418 2461 641 2505 miratum
672 2462 749 2504 Wb
781 2465 937 2506 mente
969 2462 1192 2506 miratum
1222 2466 1347 2504 ΠΨ*
1378 2464 1549 2515 (mente
1573 2462 1744 2504 iratum
1769 2462 1879 2505 Les—

183 2523 303 2578 siny)
458 2525 512 2564 10
543 2520 774 2577 proicient
797 2526 852 2564 W
1005 2527 1056 2565 11
1091 2521 1177 2564 viri
1209 2521 1248 2578 ζ]
1293 2521 1473 2577 virgine
1504 2525 1607 2562 ΠΨ
1664 2523 1670 2576 Ι
1726 2520 1878 2577 Luna]

183 2594 279 2624 ‘no‘n
309 2581 460 2636 ipsum
489 2581 619 2624 sidus
650 2582 848 2635 denotat,
889 2581 967 2625 sed
998 2581 1259 2625 Fortunam
1291 2582 1322 2623 i.
1356 2595 1389 2625 e.
1424 2581 1590 2624 Lunae
1621 2581 1781 2633 locum,
1820 2582 1877 2633 cf.

185 2641 216 2682 Ι
235 2643 344 2692 239,
367 2652 412 2682 20
535 2643 588 2683 13
622 2642 704 2683 aut
727 2640 851 2683 Mars
884 2641 967 2684 del.
994 2654 1020 2682 σ
1052 2640 1172 2698 [aut]
1206 2639 1364 2683 mariti
1396 2641 1457 2692 κζ
1577 2644 1631 2682 14
1662 2639 1879 2682 inventus

184 2702 287 2740 ΠΨ
319 2712 434 2743 corr.
467 2711 492 2742 σ
629 2703 683 2742 15
715 2702 768 2742 ut
799 2700 873 2757 W]
907 2701 955 2743 et
984 2703 1024 2741 Π
1162 2704 1215 2742 16
1248 2699 1489 2755 patientur
1518 2703 1557 2740 Π
1695 2703 1748 2742 18
1781 2711 1879 2739 ma-

185 2759 257 2801 ter
288 2758 369 2801 del.
403 2771 466 2801 κσ
522 2759 528 2813 Ι
587 2758 843 2802 constituta
874 2763 977 2800 ΠΨ
1011 2772 1123 2802 corr.
1156 2771 1219 2801 κσ
1341 2763 1394 2800 21
1430 2759 1536 2801 add.
1570 2762 1628 2809 σζ
1681 2759 1688 2814 Ι
1747 2756 1880 2800 adul-

185 2816 294 2860 terii
324 2821 379 2858 Ψ
523 2821 578 2859 22
611 2817 760 2861 omnis
792 2817 975 2875 generis
1008 2831 1034 2860 σ
1090 2820 1095 2873 Ι
1152 2816 1449 2873 proferantur
1479 2831 1592 2861 corr.
1626 2829 1651 2859 σ
1707 2818 1714 2872 Ι
1772 2815 1879 2858 sub-

187 2875 414 2919 stinentes
443 2879 483 2917 Π
604 2881 660 2920 24
693 2890 799 2920 vero
832 2879 877 2930 et
907 2881 948 2918 Π
1080 2881 1135 2920 25
1167 2876 1240 2920 vel
1273 2877 1317 2934 σ]
1350 2875 1518 2919 mulier
1645 2879 1700 2919 26
1732 2874 1879 2930 respi-

187 2934 283 2978 ciat
312 2935 386 2992 Ψ]
416 2934 617 2990 recipiat
645 2940 685 2978 Π
