2090 3198
769 128 876 174 VIII
907 132 1179 185 29„14-30,
1202 141 1237 173 4.
1740 128 1849 180 353

160 250 479 320 quicumque
510 249 761 303 habuerit
790 249 1164 318 horoscopum,
1188 249 1290 302 erit
1320 249 1525 318 inpuris
1556 249 1846 302 libidinum

159 325 307 379 vitiis
346 325 648 394 inplicatuS,
688 328 741 377 et
779 323 1080 376 meretricio
1120 324 1368 391 squalore
1399 325 1656 392 pollutus,
1697 324 1848 376 cuius
1867 366 1902 418 2

159 400 271 452 vita
317 399 532 468 publica
579 417 786 468 semper
829 398 1073 468 pulsetur
1118 397 1351 450 infamia.
1428 395 1493 450 In
1538 396 1630 450 IV.
1669 401 1820 466 parte
1835 425 2028 469 mmm

158 472 394 526 Piscium
435 473 758 543 quicumque
805 472 1055 525 habuerit
1100 471 1475 541 horoscopum,
1515 472 1618 525 erit
1656 473 1853 525 effemi-

116 569 134 602 5
159 549 300 601 natis
340 548 579 600 moribus
621 546 885 601 cinaedus.
957 544 1015 599 Si
1056 564 1181 599 vero
1230 546 1422 599 mulier
1467 547 1645 615 fuerit,
1683 546 1851 615 pudo-

161 640 272 674 rem
320 640 475 675 suum
520 621 736 691 passiva
782 620 1066 673 libidinum
1112 621 1500 674 nundinatione
1547 621 1848 689 prostituet.

159 695 220 748 In
262 695 326 749 V.
358 699 512 766 parte
544 695 781 748 Piscium
823 694 1146 763 quicumque
1185 695 1436 748 habuerit
1475 695 1850 764 horoscopum,

159 771 202 822 si
236 770 530 824 Mercurius
564 770 612 822 ei
645 787 980 839 quacumque
1010 769 1174 822 fuerit
1204 770 1503 823 radiatione
1536 770 1851 823 coniunctus

159 849 214 897 et
252 844 451 913 Venus,
491 844 594 897 erit
632 844 778 897 dives
815 843 1014 896 nobilis
1053 843 1363 914 longaevuS,
1403 863 1468 897 ex
1514 848 1627 897 arte
1673 844 1852 913 aliqua

91 941 135 973 ιο
158 918 360 972 habens
397 919 539 972 vitae
579 918 830 971 subsidia.
907 917 1277 971 Insinuabitur
1323 918 1458 989 regi,
1504 921 1557 971 et
1595 918 1738 971 bona
1777 937 1853 971 se-

159 996 373 1046 nectute
428 996 735 1062 provectuS,
788 992 916 1045 filiis
968 993 1346 1061 superstitibus
1399 993 1533 1046 bene
1580 993 1850 1045 morietur.

157 1066 222 1120 In
254 1067 345 1121 VI.
379 1070 528 1137 parte
567 1067 801 1120 Piscium
839 1067 1162 1137 quicumque
1193 1067 1442 1121 habuerit
1477 1067 1850 1136 horoscopum,
1877 1069 1910 1120 3

158 1161 188 1194 a
235 1142 421 1195 bestiis
475 1142 748 1195 confectus
804 1141 1077 1194 morietur.
1154 1140 1218 1195 In
1255 1140 1374 1194 VII.
1415 1145 1566 1211 parte
1615 1141 1851 1195 Piscium

158 1217 484 1286 quicumque
514 1216 763 1269 habuerit
794 1217 1173 1285 horoscopum,
1210 1217 1254 1268 si
1285 1216 1427 1270 Mars
1460 1217 1518 1269 in
1549 1217 1666 1286 ipsa
1700 1219 1851 1285 parte

92 1313 133 1345 15
159 1292 322 1344 fuerit
368 1291 631 1360 inventuS,
678 1309 709 1342 a
754 1290 940 1344 bestiis
987 1293 1081 1343 aut
1127 1291 1183 1343 in
1223 1309 1359 1360 aqua
1400 1310 1431 1343 a
1468 1291 1613 1361 pisce
1655 1292 1852 1348 lacera-

158 1366 321 1434 bitur,
361 1368 414 1418 et
447 1367 522 1419 sic
554 1366 825 1418 morietur.
895 1363 958 1417 In
981 1363 1126 1418 VIII.
1159 1369 1310 1434 parte
1342 1365 1578 1418 Piscium
1615 1367 1851 1433 quicum-

159 1458 261 1509 que
302 1439 589 1492 habuerint
626 1440 983 1508 horoscopum
1026 1439 1134 1509 [vel
1174 1440 1231 1493 in
1261 1438 1376 1509 ΙΧ.]
1416 1460 1440 1488 *
1461 1461 1486 1488 *
1507 1460 1533 1488 *
1574 1443 1851 1510 praesente

156 1513 364 1567 Venere
397 1518 450 1567 et
479 1514 760 1583 MercuriO,
801 1514 1123 1583 quicumque
1154 1514 1269 1566 nati
1299 1515 1514 1583 fuerint,
1546 1517 1702 1567 erunt
1732 1515 1851 1567 reli-

158 1589 297 1659 giosi
351 1589 482 1641 iusti
535 1589 808 1659 longaevi,
863 1591 917 1641 et
970 1588 1272 1642 litterarum
1318 1591 1610 1651 ,tractantes
1657 1589 1851 1642 officia.

93 1685 137 1718 πο
158 1663 332 1716 Erunt
381 1663 583 1716 scribae
631 1662 790 1734 regii,
836 1663 954 1715 noti
1001 1663 1239 1733 regibus3
1294 1662 1422 1716 filiis
1471 1663 1850 1732 superstitibus

158 1737 466 1790 morientur.
542 1737 607 1790 In
652 1737 717 1790 X.
758 1740 910 1806 parte
948 1737 1185 1791 Piscium
1235 1738 1557 1806 quicumque
1603 1738 1852 1791 habuerit
1874 1741 1910 1792 4

157 1811 540 1881 horoscopum,
586 1812 632 1863 si
677 1811 830 1864 Luna
876 1811 1011 1864 bene
1059 1812 1236 1880 posita
1283 1815 1336 1865 et
1374 1811 1558 1865 Venus
1598 1813 1654 1864 in
1699 1815 1851 1881 parte

157 1885 442 1955 horoscopi
487 1887 651 1939 fuerit
697 1887 1012 1955 constituta,
1062 1887 1162 1939 erit
1202 1886 1418 1956 grandis
1458 1890 1651 1956 potens
1690 1890 1850 1939 notus

160 1961 422 2029 omnibuS,
454 1960 672 2031 regibus
699 1960 1030 2030 coniunctuS,
1062 1961 1288 2013 multam
1321 1979 1610 2030 peragrans
1638 1964 1850 2029 terram,

91 2058 133 2091 25
159 2035 358 2104 grande
389 2036 649 2105 navigans
681 2036 918 2105 pelaguS,
949 2038 1312 2104 praeponetur
1343 2035 1584 2087 liburnis
1646 2034 1850 2088 Navale

159 2110 240 2163 illi
287 2110 634 2161 conmittetur
679 2108 987 2178 imperium,
1038 2110 1138 2162 erit
1183 2109 1240 2161 in
1286 2128 1468 2179 pugna
1516 2110 1759 2178 superior
1798 2113 1851 2162 et

159 2185 344 2248 victor,
389 2183 609 2236 habebit
656 2182 850 2236 amoris
900 2183 1186 2236 maximam
1234 2184 1484 2253 gratiam,
1532 2185 1634 2236 erit
1678 2184 1850 2236 iustus

159 2257 464 2327 religiosus,
515 2257 606 2310 sed
653 2257 792 2308 circa
839 2259 1123 2310 muliebres
1164 2257 1481 2311 concubitus
1530 2277 1738 2327 semper
1776 2258 1851 2310 in-

158 2332 383 2400 patiens,
419 2350 613 2402 magna
645 2334 920 2400 praestans
954 2335 1006 2384 et
1039 2332 1218 2384 omnia
1250 2333 1536 2401 inpetrans.
1591 2332 1852 2385 Morietur

279 2468 303 2507 3
336 2462 434 2506 vita
462 2463 566 2520 ΓΒ]
600 2463 715 2507 vitia
744 2468 783 2506 N
838 2466 846 2520 1
902 2463 1114 2520 pulsetur
1145 2463 1206 2521 Δ]
1238 2465 1447 2508 versetur
1477 2465 1520 2507 Γ
1643 2467 1669 2505 4
1701 2462 1848 2506 Piscis

159 2526 198 2567 Δ
322 2528 347 2565 5
380 2523 523 2566 fuerit
546 2522 713 2566 mulier
736 2526 775 2566 A
911 2527 937 2566 8
969 2523 1232 2567 radiatione
1257 2523 1399 2568 fuerit
1422 2522 1541 2566 coni.
1567 2527 1601 2564 G
1634 2521 1750 2566 coni.
1777 2537 1850 2565 ra-

160 2582 369 2626 diatione
393 2584 491 2626 sine
514 2581 657 2625 fuerit
687 2587 726 2625 R
848 2587 872 2626 9
912 2582 1088 2626 habens
1121 2596 1178 2625 ex
1209 2584 1308 2626 arte
1342 2582 1501 2638 aliqua
1533 2585 1613 2625 Av
1735 2587 1789 2624 15
1823 2595 1850 2624 a

159 2643 287 2698 pisce
324 2642 391 2699 Γ]
425 2643 506 2685 aut
536 2641 742 2697 piscibus
774 2644 813 2685 Δ
874 2644 879 2697 Ι
936 2641 1167 2686 laceratus
1199 2642 1422 2685 morietur
1454 2644 1492 2684 A
1645 2645 1697 2683 16
1735 2640 1848 2684 VIII.

159 2704 206 2745 et
236 2701 310 2743 IX.
344 2700 450 2744 1³²1<
602 2705 654 2744 17
687 2701 763 2745 vel
793 2701 842 2744 in
874 2701 949 2745 IX.
992 2702 1055 2759 Γ]
1100 2702 1182 2745 del.
1216 2705 1241 2754 ζ
1295 2704 1300 2757 Ι
1358 2702 1526 2745 excidit
1556 2701 1777 2744 decretum
1810 2706 1849 2744 et

158 2760 210 2803 In
241 2760 316 2805 IX.
350 2761 483 2816 parte
517 2760 710 2815 Aquarii
834 2764 887 2804 18
921 2761 1201 2816 quicumque
1232 2761 1332 2804 nati
1365 2761 1539 2803 fuerint
1571 2774 1652 2804 om.
1687 2762 1726 2802 A

162 2824 214 2863 19
249 2822 296 2863 et
326 2834 410 2864 om.
444 2822 482 2862 Δ
628 2823 684 2862 20
716 2819 834 2875 regii
866 2820 921 2877 A]
961 2833 1123 2876 regum
1157 2824 1191 2861 G
1236 2820 1360 2876 regis
1394 2822 1473 2862 Av
1616 2824 1671 2862 27
1704 2819 1848 2862 maxi-

158 2893 283 2922 mam
315 2879 530 2935 gratiam,
564 2878 652 2921 erit
682 2879 720 2935 ζ]
754 2878 1006 2921 maximum
1038 2879 1219 2935 gratiae
1251 2878 1467 2921 meritum
1598 2882 1654 2921 28
1686 2878 1847 2921 mulie-

159 2953 260 2981 rum
285 2941 324 2982 Δ
448 2942 503 2981 29
537 2940 584 2982 et
607 2953 690 2983 om.
717 2940 755 2981 Δ
815 2940 822 2994 Ι
879 2938 1111 2993 imperans
1145 2941 1183 2981 A

248 3021 456 3062 mecus,
480 3021 572 3052 edd.
596 3021 755 3062 Kroll,
781 3020 987 3052 Skutsch
1012 3024 1048 3052 et
1071 3021 1273 3060 Ziegler.
1315 3021 1365 3051 II.
1524 3017 1577 3054 23
