2078 3174
231 100 335 154 138
963 100 1191 146 FIRMICI

224 239 315 274 sus
355 222 591 275 mulieris
631 221 838 274 Lunam
878 222 982 275 viri
1019 220 1261 291 Iuppiter
1306 223 1471 276 simili
1508 223 1803 276 radiatione
1839 243 1918 277 re-

223 296 470 364 spexerit,
495 298 580 348 vel
604 297 650 348 si
672 296 954 365 utriusque
978 297 1254 367 geniturae
1278 297 1430 349 Luna
1453 296 1528 366 [a]
1548 297 1812 368 trigonica
1834 317 1915 350 16-

222 369 457 422 diatione
481 370 749 439 iungatur,
773 388 923 423 amor
946 370 1093 438 ipsos
1117 371 1236 439 pari
1260 371 1495 423 caritatis
1520 371 1735 424 vinculo
1759 389 1915 440 copu-

220 442 360 496 latus
393 444 659 512 aequabili
691 462 900 512 semper
932 444 1191 497 desiderio
1224 445 1532 513 cupiditatis
1566 449 1842 499 sustentat.

125 517 204 570 20
334 516 390 570 81
430 517 613 570 Venus
645 519 703 570 in
739 521 950 571 terreno
992 518 1147 589 signo
1179 519 1342 571 fuerit
1372 519 1601 588 inventa,
1641 523 1695 572 et
1725 519 1782 572 in
1811 519 1914 571 1100
1960 544 1979 576 5

219 591 375 662 signo
431 592 722 644 constituta
775 591 895 644 VII.
951 592 1016 645 ab
1069 593 1368 661 horoscopo
1422 594 1602 646 locum
1656 593 1743 646 vel
1795 592 1910 646 ΜΟ.

215 666 533 749 possederit,
584 669 677 718 aut
722 668 779 718 in
824 664 943 718 XII.
991 666 1057 718 ab
1104 665 1405 735 horoscopo
1452 666 1570 719 loco
1620 667 1912 720 constituta

194 743 270 791 et
323 740 380 792 in
434 739 694 792 diametro
751 739 970 793 Saturni
1021 740 1200 809 posita
1253 740 1520 809 partiliter
1580 741 1758 793 radios
1822 759 1909 794 ex-

217 815 438 882 ceperit,
486 815 679 884 longae
730 832 792 867 60
841 814 1123 867 diuturnae
1173 815 1448 867 viduitatis
1499 815 1794 867 infortunia
1846 833 1909 867 ex

121 890 194 941 21
215 888 319 940 ista
371 887 666 941 radiatione
721 889 972 942 decernit.
1050 887 1153 941 Sed
1205 888 1323 958 <61>
1376 890 1453 941 610
1501 890 1695 972 posita
1725 889 1910 942 Venus
1935 915 1977 947 ιο

215 962 271 1013 111
310 963 574 1015 matutino
616 965 739 1015 ortu
785 962 1008 1031 [posita]
1047 963 1211 1015 fuerit
1250 963 1481 1031 inventa,
1518 963 1577 1014 in
1614 963 1789 1032 prima
1827 982 1909 1016 ae·

214 1039 322 1089 tate
372 1037 678 1089 constitutis
724 1037 1021 1089 infortunia
1066 1037 1343 1089 viduitatis
1394 1005 1597 1089 indicit.
1675 1036 1734 1089 Si
1783 1055 1907 1090 vero

214 1111 270 1161 in
300 1111 606 1179 vespertino
641 1114 761 1163 ortu
791 1111 955 1163 fuerit
986 1111 1217 1180 inventa,
1258 1131 1284 1160 »κ
1303 1131 1330 1160 *
1349 1131 1375 1159 *
1416 1114 1588 1164 aetate
1626 1111 1905 1164 viduitatis

214 1184 572 1237 decernuntur
609 1184 959 1238 incommoda.
1039 1183 1143 1237 Sed
1182 1188 1236 1238 et
1276 1185 1535 1253 quosdam
1575 1185 1780 1238 incesto
1821 1203 1906 1237 cu-

212 1258 452 1326 piditatis
500 1259 685 1312 ardore
732 1277 1005 1328 possessos
1057 1259 1275 1312 illicitos
1314 1260 1547 1311 filiarum
1587 1259 1903 1313 concubitus
1932 1284 1971 1316 15

211 1332 355 1385 adire
396 1336 718 1401 conpellunt.

122 1407 193 1458 22
324 1405 381 1458 81
429 1407 582 1459 Luna
632 1410 685 1459 et
733 1406 917 1459 Venus
967 1406 1284 1476 par[til]iter
1331 1409 1621 1461 collocatae
1673 1407 1730 1459 in
1780 1426 1902 1461 noc-

208 1484 367 1532 turna
406 1482 652 1550 genitura
692 1485 744 1533 et
783 1482 836 1532 in
876 1482 1149 1534 femininis
1197 1481 1364 1552 signis
1409 1482 1617 1550 positae
1656 1499 1902 1534 occasum

207 1555 294 1606 vel
323 1553 438 1607 ΜΟ.
471 1556 819 1623 possederint,
851 1559 904 1607 et
935 1573 1022 1608 eas
1055 1555 1119 1608 de
1150 1555 1408 1608 diametro
1441 1555 1584 1608 Mars
1619 1554 1900 1609 Saturnus-

210 1647 315 1696 que
360 1630 669 1698 respiciant,
718 1630 925 1682 faciunt
970 1630 1174 1683 incesto
1221 1630 1418 1682 furoris
1466 1629 1654 1682 ardore
1710 1633 1764 1682 et
1813 1648 1899 1682 ne-
1924 1655 1967 1686 20

206 1703 372 1755 fariae
420 1703 730 1772 cupiditatis
778 1704 1037 1756 instinctu
1077 1703 1214 1756 filias
1254 1704 1497 1772 patribus
1535 1703 1755 1756 inlicitis
1794 1723 1901 1757 ma-

206 1778 582 1830 trimoniorum
621 1778 849 1830 vinculis
890 1778 1142 1847 copulari.

117 1851 188 1902 23
319 1850 377 1903 81
421 1852 679 1921 nuptialis
718 1852 860 1922 signi
900 1851 1146 1904 dominus
1186 1851 1242 1903 in
1280 1851 1538 1904 feminino
1581 1853 1735 1921 signo
1777 1869 1897 1905 con-

207 1925 426 1978 stitutus
467 1943 715 1978 occasum
759 1926 839 1977 vel
877 1924 992 1978 ΜΟ.
1031 1925 1350 1994 possederit,
1395 1926 1630 1995 virgines
1669 1927 1897 1978 latenter

206 2002 390 2067 stupra
430 2020 455 2048 »ε
477 2022 500 2047 *
523 2020 547 2048 ,κ
589 2000 880 2068 cupiditate
935 2000 1204 2068 conpellit.
1291 1998 1395 2052 Sed
1449 2003 1756 2068 stuprorum
1811 2019 1897 2071 ge-
1920 2024 1962 2056 25

203 2091 331 2125 nera
384 2092 482 2142 pro
538 2076 813 2126 stellarum
865 2073 1214 2126 varietatibus
1269 2074 1583 2127 invenimus.
1660 2072 1800 2126 Nam
1851 2074 1895 2126 si

325 2210 346 2247 1
381 2205 513 2248 Luna
535 2209 638 2246 ΠΨ
661 2219 774 2249 corr.
800 2222 827 2248 κ
866 2207 872 2260 Ι
915 2204 1024 2247 viris
1048 2209 1150 2247 ΠΨ
1175 2219 1287 2249 corr.
1314 2207 1337 2256 ζ
1449 2209 1473 2247 2
1500 2205 1581 2250 del.
1608 2208 1633 2257 ζ
1746 2210 1769 2247 3
1796 2205 1894 2248 vin—

202 2263 306 2307 culo
324 2265 536 2322 Lessiny]
554 2264 626 2307 vel
643 2278 748 2307 cum
763 2263 867 2307 loco
880 2268 983 2306 ΠΨ
1010 2266 1015 2320 Ι
1045 2263 1285 2319 copulatos
1303 2263 1496 2321 Lessiuy
1513 2269 1743 2320 tamquam
1760 2279 1815 2308 ea:
1824 2269 1891 2319 W,

201 2337 360 2367 errans
480 2328 507 2366 4
541 2323 801 2379 cupiditate
832 2327 935 2365 ΠΨ
966 2337 1078 2368 corr.
1105 2325 1128 2375 ζ
1155 2325 1235 2379 (an
1260 2322 1480 2366 desiderii
1506 2323 1765 2386 cupiditate
1789 2323 1832 2379 .9)

202 2431 227 2468 6
254 2427 507 2470 constituto
527 2431 623 2468 ΠΨ
650 2428 656 2483 1
685 2426 882 2481 septimo
909 2426 968 2469 ab
993 2426 1090 2470 hor.
1108 2426 1209 2470 1000
1226 2431 1329 2468 ΠΨ
1356 2428 1362 2483 Ι
1390 2425 1507 2484 ΜΟ.]
1533 2441 1655 2470 nunc
1672 2431 1727 2468 W
1749 2398 1890 2470 medlin

199 2488 236 2526 Π
256 2485 478 2541 (medium
493 2490 532 2527 Π
549 2486 642 2541 im.)
735 2490 761 2528 8
778 2486 932 2540 posita
949 2484 1120 2544 (eius)
1138 2503 1164 2529 κ
1182 2485 1324 2542 positi
1340 2487 1478 2530 deleto
1496 2487 1542 2528 et
1560 2498 1584 2529 6
1594 2488 1619 2538 ζ
1710 2490 1763 2529 10
1782 2487 1886 2530 add.

199 2548 224 2595 ζ
315 2551 366 2587 11
394 2546 476 2589 del.
496 2547 520 2597 ζ
611 2550 663 2587 12
691 2544 933 2587 constituti
955 2548 1057 2585 ΠΨ
1080 2546 1235 2596 coron&
1326 2550 1379 2588 13
1406 2545 1575 2588 aetatis
1592 2549 1694 2586 ΠΨ
1717 2559 1828 2589 corr.
1848 2550 1889 2588 et

201 2604 282 2647 lac.
309 2610 411 2648 stat.
438 2608 463 2656 ζ
484 2607 563 2659 (an
582 2606 669 2646 aet.
689 2603 821 2658 dem)
917 2608 968 2645 17
995 2604 1078 2647 del.
1097 2607 1122 2655 ζ
1211 2605 1265 2646 18
1290 2603 1475 2647 seminis
1499 2608 1538 2645 Π
1565 2607 1570 2656 Ι
1599 2617 1766 2646 occasu
1789 2608 1827 2646 Π

204 2667 256 2705 19
284 2677 360 2705 666
387 2663 443 2706 (16
468 2663 508 2720 ζ]
536 2664 722 2706 easdem
745 2667 848 2704 ΠΨ
939 2667 993 2705 21
1019 2661 1232 2719 inlicitis]
1256 2663 1305 2705 in
1330 2663 1434 2706 citis
1458 2667 1581 2704 ΠΨ*
1606 2661 1783 2705 illicitis
1808 2663 1885 2704 Wb

200 2726 255 2764 22
278 2722 475 2765 vinculis
501 2722 574 2779 W]
600 2721 672 2766 vel
697 2721 812 2764 culis
836 2725 875 2762 Π
910 2724 916 2775 Ι
956 2721 1173 2777 copulare
1196 2726 1299 2763 ΠΨ
1322 2736 1433 2766 corr.
1460 2723 1484 2773 ζ
1596 2726 1651 2763 24
1682 2721 1883 2764 latentes

198 2785 321 2821 ΠΨει
397 2787 451 2825 25
470 2781 620 2836 stupri
631 2781 708 2822 Wb
737 2782 742 2836 Ι
771 2782 853 2824 lae.
871 2786 972 2824 stat.
991 2784 1016 2832 ζ
1030 2781 1216 2836 (eoecidit
1230 2782 1488 2834 infinitivus
1503 2782 1621 2824 velut
1639 2780 1765 2823 adire
1782 2794 1884 2824 cum

197 2853 367 2895 semper
381 2840 472 2893 fere
487 2841 667 2884 verbum
682 2839 891 2895 conpello
906 2854 935 2882 a
949 2839 1152 2884 Firmico
1168 2853 1268 2883 cum
1283 2841 1513 2893 infinitivo
1525 2845 1744 2892 struatur,
1758 2845 1798 2883 et
1814 2845 1883 2882 at-

199 2899 417 2942 tributum
430 2901 548 2943 vocis
561 2899 820 2955 cupiditate
834 2899 954 2943 velut
965 2901 1128 2954 prona>
1150 2898 1154 2955 1
1177 2900 1387 2954 stuprum
1401 2911 1622 2956 generare
1634 2902 1728 2939 ΠΨ
1738 2912 1847 2943 corr.
1861 2900 1884 2951 ζ
