2100 3186
294 123 401 176 232
1023 124 1252 168 FIRMICI

291 246 514 315 positus,
545 245 750 297 Lunam
783 264 906 298 vero
940 249 1033 298 aut
1063 245 1206 298 Mars
1238 247 1415 299 videat
1447 252 1538 300 aut
1567 247 1842 320 Saturum,
1874 253 1978 307 hoc

291 320 428 371 idem
473 319 635 372 simili
682 320 886 372 ratione
929 321 1223 389 perficiunt.
1301 318 1414 374 Aut
1453 323 1593 375 enim
1633 341 1698 376 ex
1736 326 1844 378 alto
1884 331 1977 380 aut

292 413 355 445 ex
396 394 734 462 quadrupede
775 394 987 461 deiecti,
1035 396 1126 446 aut
1171 394 1540 448 huiuscemodi
1580 397 1976 454 discriminibus

290 467 548 537 inplicati,
589 485 870 536 corporum
913 468 1105 520 damna
1143 469 1430 537 patientur.

354 690 445 742 IX.
494 688 914 759 [QUATENUS
953 688 1033 741 ΙΝ
1042 688 1307 742 VENJAS
1348 689 1512 753 QUIS
1551 691 1772 746 PRIOR
1811 694 1908 748 DE
2023 717 2043 749 5

668 777 1133 832 PARENTIBUS
1173 778 1595 850 MORIATUR]

235 886 261 936 1
394 883 459 935 In
490 884 871 951 cuiuscumque
905 883 1151 949 genitura
1183 881 1276 935 Sol
1306 883 1444 936 male
1474 885 1636 937 fuerit
1668 885 1978 956 collocatuS‚

287 958 370 1009 vel
425 958 566 1028 signi
620 959 733 1010 eius
789 957 1035 1008 dominus
1089 956 1144 1007 in
1199 976 1304 1025 quo
1360 956 1454 1010 Sol
1501 959 1665 1011 fuerit
1714 961 1977 1031 inventus,

102 1044 295 1087 s01.93v11
315 1035 468 1102 pater
505 1033 654 1101 prior
693 1030 956 1094 interibit3
1013 1031 1058 1082 si
1096 1049 1220 1083 vero
1261 1031 1412 1084 Luna
1450 1032 1554 1086 hoc
1597 1051 1755 1102 passa
1801 1035 1976 1104 fuerit,

287 1109 468 1159 mater.
559 1105 713 1168 Quod
775 1105 999 1156 dicimus
1060 1105 1166 1156 tale
1229 1109 1321 1158 est.
1408 1105 1465 1158 Si
1526 1107 1857 1176 horoscopus
1920 1111 1975 1162 in
2001 1131 2042 1163 ιο

285 1180 489 1243 Ariete,
532 1179 625 1232 Sol
664 1181 720 1232 in
758 1179 995 1248 Aquario
1042 1179 1206 1231 fuerit
1251 1179 1522 1248 inventus,
1570 1185 1621 1233 et
1663 1181 1972 1253 [Saturnus]

285 1255 340 1307 in
387 1254 630 1307 Piscibus
685 1255 771 1307 vel
823 1255 878 1306 in
935 1253 1206 1321 quadratis
1253 1254 1419 1324 signis
1467 1254 1702 1308 Piscium
1753 1258 1973 1310 vitiatus

285 1333 366 1381 est
405 1330 648 1381 dominus
690 1328 831 1398 signi
872 1326 1027 1395 Solis,
1066 1327 1120 1378 id
1161 1331 1240 1380 est
1273 1326 1548 1392 Saturnus,
1586 1330 1700 1396 †ac
1739 1349 1834 1399 per
1872 1331 1975 1384 hoc

284 1406 437 1471 pater
474 1404 629 1455 istius
668 1402 946 1473 geniturae
990 1401 1137 1469 prior
1183 1402 1445 1471 interibit,
1493 1404 1617 1471 quia
1659 1402 1750 1456 Sol
1797 1405 1972 1458 vitiati

284 1482 336 1529 et
376 1477 615 1530 malivoli
648 1479 701 1528 et
733 1476 1091 1528 interfectoris
1122 1477 1241 1528 loco
1275 1477 1480 1529 cecidit.
1558 1476 1676 1530 Hoc
1715 1479 1760 1531 si
1791 1479 1973 1532 Lunae
1999 1499 2039 1531 15

232 1553 266 1604 2
285 1553 583 1621 contigerit,
622 1554 843 1603 matrem
882 1550 1029 1618 prius
1070 1549 1296 1602 dicimus
1328 1551 1557 1603 interire.
1637 1550 1693 1603 Si
1732 1571 1856 1604 vero
1887 1553 1971 1606 his

283 1627 359 1678 sic
412 1630 473 1678 ut
535 1626 766 1678 diximus
823 1623 1083 1676 ordinatis
1160 1623 1303 1676 Mars
1361 1623 1652 1677 Saturnum
1716 1627 1972 1694 quadrata

283 1700 577 1752 radiatione
631 1699 902 1767 respiciat,
956 1701 1107 1765 pater
1160 1698 1505 1750 biothanatus
1559 1699 1707 1752 iussu
1762 1701 1847 1752 vel
1893 1701 1972 1753 ira

281 1773 543 1844 principis
583 1773 839 1825 interibit.
919 1770 975 1823 Si
1014 1788 1140 1823 vero
1172 1771 1258 1823 his
1291 1773 1366 1824 sic
1399 1773 1535 1825 sicut
1567 1774 1796 1826 diximus
1835 1775 1971 1828 ordi-

282 1849 421 1900 natis
462 1847 703 1916 Iuppiter
741 1849 794 1898 in
837 1845 1142 1898 cardinibus
1182 1846 1343 1898 fuerit
1381 1846 1644 1915 inventus,
1683 1849 1849 1916 patris
1889 1849 1969 1902 in·
1995 1872 2037 1904 20

281 1924 519 1975 fortunia
557 1922 887 1991 mitigantur,
926 1919 1016 1971 sed
1049 1922 1079 1985 <
1085 1919 1164 1987 si>
1194 1921 1251 1972 111
1284 1920 1471 1972 diurna
1510 1922 1756 1990 genitura
1793 1922 1969 1976 Solem

282 1997 551 2064 respiciat,
599 1996 654 2047 in
701 1997 962 2047 nocturna
1007 2012 1132 2045 vero
1173 1994 1394 2048 Lunam.
1471 1994 1591 2047 Hoc
1638 1997 1777 2047 enim
1827 1997 1968 2065 quod

284 2071 512 2123 diximus
569 2071 614 2121 si
668 2070 722 2120 in
775 2072 1036 2120 nocturna
1083 2068 1327 2137 genitura
1376 2068 1529 2121 Luna
1582 2088 1740 2138 passa
1792 2070 1969 2139 fuerit,

283 2147 451 2196 mater
492 2144 738 2195 similiter
776 2141 1031 2208 interibit.
1109 2140 1214 2194 Sed
1253 2145 1305 2195 et
1344 2145 1471 2195 tunc
1521 2143 1650 2195 haec
1688 2143 1828 2196 mala
1865 2145 1969 2197 for-

402 2340 423 2377 1
459 2334 582 2377 Mars
615 2334 706 2377 vid.
741 2336 821 2377 aut
853 2334 946 2377 Sat.
982 2336 1021 2376 Δ
1034 2334 1083 2390 G]
1136 2333 1228 2376 Sat.
1271 2333 1353 2375 aut
1384 2331 1508 2375 Mars
1541 2333 1730 2376 videant
1761 2337 1798 2375 A
1844 2332 1968 2376 Mars

281 2396 362 2437 aut
395 2393 487 2436 Sat.
522 2393 682 2436 videat
709 2397 780 2435 Bv
900 2399 926 2435 4
958 2393 1204 2449 patiuntur
1227 2396 1306 2433 AB
1428 2396 1452 2434 5
1488 2390 1723 2443 Quatenus
1755 2392 1966 2436 invenias

280 2467 362 2496 om.
395 2459 430 2495 D
488 2455 494 2507 Ι
550 2452 678 2509 prior
720 2466 801 2495 om.
836 2455 914 2494 AB
1081 2456 1105 2494 6
1149 2451 1375 2494 moriatur
1415 2450 1489 2494 vel
1532 2453 1759 2506 quatenus
1792 2455 1830 2493 A
1871 2453 1967 2507 (hoc

279 2514 437 2556 lemma
480 2513 580 2556 hab.
614 2516 672 2554 N:
723 2510 933 2563 Qualiter
971 2511 1146 2554 sciatur
1184 2510 1287 2566 quis
1327 2512 1572 2566 parentum
1611 2510 1965 2566 praemoriatur)

342 2576 363 2613 7
399 2570 519 2628 (Si)
552 2570 601 2612 in
635 2573 657 2622 ζ
775 2574 801 2613 8
834 2570 932 2613 01113
966 2570 1087 2626 signi
1118 2575 1157 2612 N
1280 2574 1333 2612 10
1366 2571 1517 2612 mater
1549 2568 1848 2627 <interibit>,
1890 2570 1966 2612 sed

271 2636 431 2685 postea
462 2631 542 2674 del.
579 2635 611 2671 G
670 2633 675 2684 Ι
746 2628 945 2672 diximus
978 2631 1064 2671 AG
1096 2630 1167 2685 (cf.
1202 2632 1308 2682 245,
1333 2631 1367 2685 1)
1425 2631 1431 2684 Ι
1499 2628 1782 2683 horoscopus
1814 2627 1862 2669 in
1905 2630 1964 2684 P]

278 2689 614 2744 horoscopante
648 2691 686 2732 Δ
841 2694 891 2731 11
927 2689 1009 2732 del.
1044 2690 1067 2740 ζ
1208 2693 1261 2731 13
1295 2690 1365 2731 est
1390 2687 1543 2744 prius]
1578 2687 1639 2729 sit
1669 2689 1693 2738 ζ
1747 2688 1753 2742 Ι
1811 2687 1880 2743 30]
1917 2690 1964 2730 et

280 2750 325 2800 ζ,’
358 2763 420 2791 an
451 2749 530 2791 dez.
551 2747 575 2791 ‚9
633 2751 637 2803 Ι
693 2762 776 2803 per
806 2747 914 2803 hoc]
946 2760 1030 2802 per
1060 2749 1242 2790 noctem
1275 2764 1302 2789 κ
1424 2751 1478 2789 16
1510 2746 1638 2801 prius
1671 2746 1732 2803 Δ]
1763 2745 1962 2800 primam

284 2810 329 2849 Γ
368 2807 569 2862 priorem
603 2821 627 2849 σ
779 2811 830 2848 17
878 2808 1093 2848 saturnus
1131 2809 1177 2849 Γ
1322 2810 1375 2847 18
1419 2806 1547 2848 1113311
1586 2804 1658 2847 vel
1696 2804 1784 2861 ira]
1829 2806 1961 2848 alter-

279 2867 873 2967 utruff'gelendumoenset
905 2869 928 2917 ζ
1054 2871 1106 2907 21
1143 2866 1247 2908 add.
1280 2869 1318 2906 N
1350 2865 1407 2921 (si
1430 2879 1520 2921 pro
1553 2863 1631 2906 sed
1664 2865 1706 2918 κ)
1829 2867 1885 2904 24
1917 2866 1963 2907 et

279 2938 361 2968 om.
