2066 3192
293 142 366 199 80
1018 143 1249 192 FIRMICI

289 287 409 321 rum
458 268 859 322 conversatione
904 287 1158 338 prospere
1197 287 1404 338 semper
1443 273 1696 339 sequatur
1746 273 1980 340 eventuS,

289 346 343 395 et
404 343 497 411 qui
560 343 793 395 omnium
859 345 1238 396 necessitatum
1300 344 1574 414 angustias
1636 345 1979 397 consiliorum

289 435 506 470 suorum
536 417 748 486 possint
779 419 1186 471 auctoritatibus
1220 418 1482 488 mitigare,
1520 421 1706 472 acutos
1739 417 1978 472 efficaces

286 490 556 544 rationum
596 491 1145 561 conputationumque
1182 495 1275 545 aut
1304 491 1604 544 litterarum
1638 493 1815 545 officia
1845 495 1980 546 trac-

288 568 478 618 tantes,
2026 589 2046 622 5

234 653 267 707 5
398 653 589 723 [Mars
630 658 690 707 et
727 654 903 707 Luna
941 655 1226 726 trigoni]
1306 653 1363 707 Si
1401 655 1544 707 Mars
1589 659 1642 708 et
1678 655 1830 708 Luna
1868 656 1978 708 fue—

186 731 190 734 ‘
283 728 393 780 rint
446 728 711 799 trigonica
760 729 1057 782 radiatione
1109 730 1401 798 coniuncti,
1457 733 1510 782 et
1559 730 1666 782 sint
1716 730 1871 782 ambo
1923 731 1979 782 in

284 803 563 871 oportunis
611 803 886 873 geniturae
924 803 1058 857 locis
1097 804 1275 872 positi,
1326 806 1380 855 et
1419 803 1483 855 ab
1525 803 1773 856 omnibus
1814 804 1978 857 deiec-

282 876 493 928 tionum
532 877 933 930 humilitatibus
975 879 1221 947 separati,
1263 881 1316 930 et
1355 878 1426 929 sit
1463 877 1617 930 Luna
1653 879 1862 930 minuta
1899 879 1978 931 lu·

283 951 531 1018 minibUS,
573 952 643 1003 sit
682 951 843 1004 etiam
881 955 1144 1006 nocturna
1182 952 1443 1022 genitura,
1483 952 1663 1004 omnia
1701 952 1976 1005 felicitatis
2002 975 2045 1008 ιο

105 1037 295 1081 tol-⁶9⁷'H
315 1029 625 1078 ornamenta
656 1025 961 1095 decernunt⁷
1001 1030 1054 1078 et
1085 1027 1142 1078 in
1174 1026 1421 1078 omnibus
1454 1027 1660 1079 actibus
1692 1044 1977 1095 prosperos

281 1099 457 1152 exitus
498 1099 722 1152 assiduis
761 1100 1112 1153 felicitatibus
1151 1099 1468 1170 largiuntur.
1543 1099 1772 1154 Faciunt
1811 1102 1974 1154 etiam

280 1177 342 1226 ut
389 1175 568 1227 omnia
616 1192 751 1242 quae
798 1175 1097 1227 desiderent
1143 1175 1414 1228 facillimis
1457 1174 1755 1228 rationibus
1797 1193 1975 1228 conse-

231 1252 263 1305 6
283 1251 527 1317 quantur.
621 1247 822 1311 Quodsi
883 1249 1020 1301 hanc
1085 1248 1274 1301 Martis
1335 1248 1624 1317 Lunaeque
1684 1250 1974 1302 mixturam

283 1322 579 1375 testimonii
619 1323 701 1375 sui
739 1322 981 1391 Iuppiter
1018 1323 1314 1376 radiatione
1353 1324 1664 1392 respexerit,
1714 1325 1975 1376 maximos
2001 1345 2042 1378 15

281 1396 511 1450 honores
553 1399 604 1449 et
642 1398 902 1450 maximae
943 1398 1233 1450 decernunt
1273 1397 1550 1468 dignitatis
1582 1399 1824 1467 imperia,
1863 1398 1974 1468 glo-

279 1470 414 1523 riam
461 1489 674 1540 quoque
719 1471 844 1540 <et>
891 1490 1114 1542 magnae
1160 1472 1465 1541 largiuntur
1509 1471 1778 1524 licentiam
1829 1475 1975 1540 pote-

280 1545 448 1597 statis.
528 1544 580 1598 Si
631 1564 753 1598 vero
801 1546 966 1598 fuerit
1012 1546 1164 1598 Luna
1210 1546 1368 1615 plena
1414 1546 1728 1614 luminibUS‚
1779 1563 1974 1615 corpus

279 1620 489 1672 assidua
528 1620 927 1689 aegritudinum
969 1621 1371 1673 continuatione
1412 1619 1705 1672 debilitant.

1079 1782 1171 1836 VI.
1996 1805 2040 1838 so
2054 1811 2059 1833 i

390 1885 524 1956 [Sol
564 1891 624 1940 et
661 1887 836 1940 Luna
875 1887 1158 1959 trigoni]
1202 1886 1258 1940 Si
1300 1886 1393 1939 Sol
1432 1890 1484 1939 et
1515 1886 1668 1939 Luna
1706 1887 1971 1957 trigonica

278 1961 477 2013 fuerint
514 1962 808 2015 radiatione
849 1963 1137 2025 coniuncti,
1177 1965 1230 2015 et
1269 1963 1377 2013 sint
1413 1961 1569 2013 ambo
1602 1962 1658 2012 in
1691 1962 1970 2029 oportunis

278 2036 555 2105 geniturae
592 2036 727 2089 locis
766 2037 950 2106 positi,
991 2041 1044 2089 et
1083 2037 1148 2088 ab
1192 2035 1438 2089 omnibus
1480 2035 1835 2088 deiectionum
1875 2035 1968 2088 hu-

278 2166 327 2209 ἐν
360 2166 550 2223 βουλαῖς
581 2168 941 2222 ἐπιτευκτικούς,
972 2175 1069 2219 τοῖς
1099 2183 1146 2211 τε
1181 2166 1331 2223 ἔργοις
1362 2166 1499 2218 ὀξεῖς·
1549 2167 1610 2223 (3)
1643 2161 1770 2210 οὗτοι
1808 2165 1859 2210 δὲ
1890 2167 1970 2210 καὶ

280 2224 329 2267 ἐκ
370 2225 649 2282 γραμμάτων
689 2227 768 2270 καὶ
807 2225 1026 2277 παιδείας
1065 2227 1146 2270 καὶ
1183 2225 1322 2283 λόγου
1361 2223 1442 2270 τὸν
1475 2223 1580 2290 βίον
1613 2225 1847 2277 αὔξουσιν.

280 2288 304 2326 9
338 2288 442 2338 175,
465 2288 526 2329 26
558 2285 848 2358 ἐμπράκτους
887 2283 1060 2360 ῥᾳδίως
1099 2284 1476 2361 περιγινομένους
1508 2288 1572 2329 ὡν
1605 2282 1819 2328 ἐθέλουσι
1849 2283 1967 2339 πρά-

278 2343 412 2395 ξεων·
448 2346 538 2401 (13)
571 2344 612 2388 εἰ
644 2341 691 2389 δ’
720 2345 787 2389 ἔτι
818 2346 896 2388 καὶ
931 2345 954 2389 ὁ
986 2346 1097 2395 Ζευς
1133 2345 1235 2406 ὁρᾷ,
1268 2344 1486 2402 ἀρχικους
1518 2341 1736 2396 ἐνδόξους
1759 2343 1839 2387 καὶ
1863 2341 1968 2387 λίαν

279 2402 513 2460 ἰσχυρούς·
564 2404 613 2447 ἐν
653 2402 799 2464 ἡμέρᾳ
840 2405 890 2448 δὲ
932 2390 1260 2460 αὐξιφωτοῦσα
1296 2407 1360 2463 τῷ
1391 2419 1438 2447 τε
1471 2400 1556 2462 βίῳ
1588 2403 1667 2446 καὶ
1698 2406 1761 2462 τῷ
1794 2403 1967 2459 σώματι

277 2461 464 2518 χαλεπή.

399 2555 421 2593 1
456 2563 649 2606 prosper
680 2554 716 2592 A
744 2553 749 2607 Ι
779 2552 1000 2606 sequatur
1030 2552 1078 2609 v]
1111 2552 1418 2607 persequatur
1454 2552 1500 2594 Γ
1541 2551 1794 2605 sequantur
1823 2551 1864 2592 A

280 2614 304 2650 3
337 2609 544 2666 mitigari
577 2623 688 2654 corr.
715 2626 742 2652 a
864 2615 887 2652 6
922 2610 1108 2666 trigona
1139 2609 1314 2653 fuerint
1338 2612 1377 2652 Δ
1502 2614 1526 2652 9
1561 2609 1622 2652 sit
1645 2611 1685 2652 A
1741 2608 1779 2650 si
1808 2610 1854 2651 Γ

281 2672 334 2710 10
375 2668 437 2711 sit
477 2683 558 2712 om.
597 2671 643 2711 Γ
787 2675 838 2712 16
880 2669 1094 2727 imperia]
1137 2669 1342 2724 insignia
1382 2682 1406 2711 σ
1550 2673 1602 2710 17
1644 2682 1670 2710 α
1708 2668 1749 2710 d.
1790 2666 1849 2708 11²

282 2730 333 2769 18
367 2741 471 2770 vero
508 2728 580 2785 Γ]
614 2741 705 2771 non
737 2731 776 2771 Δ
871 2733 922 2771 21
957 2743 1047 2783 sqq.
1060 2746 1073 2771 .·
1104 2743 1159 2772 ue
1191 2729 1292 2784 quis
1324 2729 1457 2771 lector
1486 2727 1719 2771 stellarum
1751 2739 1965 2769 cursuum

277 2787 429 2830 minus
466 2801 641 2843 ymarus
679 2789 834 2842 capita
873 2789 1095 2843 quaedam
1133 2789 1214 2831 hoc
1253 2788 1344 2830 loco
1377 2787 1590 2830 eoeeidisse
1624 2788 1744 2839 (eum
1776 2785 1964 2828 librario

277 2846 444 2888 codicis
467 2846 614 2889 Laur.
631 2849 711 2900 29,
728 2851 804 2901 31)
827 2852 970 2902 putet,
995 2860 1223 2890 monemus
1246 2859 1325 2889 nec
1349 2845 1493 2889 Solem
1517 2858 1617 2887 cum
1651 2845 1813 2888 Venere
1839 2844 1962 2886 Mer·

277 2905 455 2948 cwriove
485 2919 625 2960 neque
657 2905 826 2949 eosdem
857 2907 974 2949 inter
1005 2919 1048 2948 se
1072 2919 1274 2961 uuquam
1299 2918 1430 2960 posse
1453 2904 1678 2961 triqonica
1701 2903 1962 2946 radiatione

277 2963 497 3019 eonium-qi
527 2964 577 3007 id
609 2969 670 3007 est
704 2965 843 3008 CXX
866 2965 1081 3020 partibus
1112 2966 1230 3008 inter
1260 2978 1305 3007 se
1337 2965 1519 3007 distare.
