2066 3192
217 145 246 198 7
253 145 286 198 6
939 143 1168 190 FIRMICI

212 266 419 319 toribus
467 269 560 318 aut
606 266 918 335 potentibus
965 266 1094 319 viris
1139 285 1394 335 prospera
1440 271 1532 320 aut
1578 267 1719 319 felici
1761 285 1900 320 com-

211 341 550 394 mendatione
591 358 799 410 semper
837 340 1131 410 insinuant,
1172 344 1224 393 et
1262 342 1495 394 maxima
1534 360 1599 393 ex
1637 341 1740 394 ista
1779 360 1901 395 con-

210 414 481 468 iunctione
521 414 724 484 gloriae
764 415 1120 468 decernuntur
1158 415 1404 485 insignia.
1480 415 1537 468 Si
1576 434 1700 468 vero
1739 416 1902 468 fuerit

208 488 360 542 Luna
390 490 597 541 minuta
627 489 934 559 luminibus,
971 489 1242 557 praedicta
1273 489 1545 543 felicitatis
1576 490 1903 544 incrementa

131 563 200 616 14
217 564 544 616 minuuntur.
623 562 725 615 Sed
773 567 826 616 et
865 564 922 616 in
958 563 1110 616 Luna
1147 563 1252 616 hoc
1289 564 1595 616 meminisse
1636 564 1902 634 debemuS,
1949 586 1968 619 5

215 638 358 705 quod
411 639 524 690 sola
577 638 634 690 in
684 637 828 690 VIII.
886 639 950 691 ab
1007 638 1306 707 horoscopo
1361 639 1478 691 loco
1533 640 1590 691 in
1641 641 1904 691 nocturna

49 722 224 768 sol-⁶8⁰1
243 713 490 782 genitura
526 711 754 764 feliciter
792 713 1076 780 invenitur,
1114 713 1428 780 praesertim
1468 713 1514 764 si
1551 713 1608 764 in
1645 713 1749 765 hoc
1782 713 1902 767 Ioco

213 788 270 839 in
317 786 511 855 quibus
551 786 747 856 gaudet
787 787 954 856 signis
997 787 1078 839 vel
1116 787 1314 840 finibus
1353 787 1516 840 fuerit
1553 786 1710 856 plena
1748 787 1904 840 lumi-

212 861 384 914 nibus.
462 860 612 914 Tunc
658 859 799 912 enim
846 860 1120 913 felicitatis
1168 863 1296 914 tunc
1340 861 1617 931 dignitatis
1659 862 1905 931 insignia,

213 939 341 988 tunc
372 936 604 988 maxima
636 935 872 988 subsidia
911 935 1240 1004 facultatum,
1279 939 1408 988 tunc
1441 936 1746 1006 dignitateS,
1777 939 1907 988 tunc
1930 957 1973 989 ιο

213 1009 575 1079 principatum
623 1028 686 1062 ex
735 1010 838 1062 ista
883 1009 988 1062 loci
1034 1013 1301 1079 potestate
1341 1010 1590 1063 decernit.
1670 1009 1773 1062 Sed
1811 1029 1907 1079 per

216 1084 355 1137 diem
404 1084 462 1135 in
506 1084 610 1136 hoc
656 1083 773 1137 loco
816 1085 1107 1137 constituta
1147 1084 1396 1136 similiter
1434 1084 1565 1137 haec
1605 1088 1783 1137 eadem
1823 1085 1908 1136 de-

217 1159 398 1286 cernit,
439 1157 483 1211 si
522 1157 764 1229 Iuppiter
803 1159 859 1212 in
896 1157 987 1212 XI.
1029 1158 1094 1212 ab
1135 1159 1432 1228 horoscopo
1472 1160 1590 1212 loco
1630 1159 1793 1211 fuerit
1830 1160 1907 1212 in-

215 1253 314 1289 ven
342 1252 418 1287 us,

1014 1368 1108 1422 IV.
1934 1389 1976 1422 16

171 1455 196 1506 1
330 1459 650 1528 [Iuppiter
705 1462 765 1510 et
814 1459 978 1511 Mars
1034 1458 1318 1528 trigoni]
1397 1457 1454 1511 Si
1500 1456 1742 1527 Iuppiter
1788 1476 1908 1510 cum

218 1533 390 1586 Marte
444 1532 605 1586 fuerit
658 1533 922 1603 trigonica
969 1533 1264 1585 radiatione
1317 1533 1647 1600 coniunctUS,
1702 1536 1754 1584 et
1804 1532 1911 1585 sint

220 1608 377 1660 ambo
426 1608 483 1660 in
530 1608 809 1676 oportunis
857 1609 1130 1677 geniturae
1176 1607 1309 1659 locis
1356 1608 1542 1677 positi7
1589 1610 1641 1659 et
1687 1607 1752 1658 ab
1803 1625 1910 1659 om-

219 1683 377 1734 nibus
426 1683 781 1735 deiectionum
827 1682 1224 1734 humilitatibus
1266 1682 1518 1750 separati,
1563 1681 1797 1733 maxima
1837 1680 1910 1732 di-

220 1756 441 1827 gnitatis
482 1755 724 1824 imperia,
776 1760 828 1809 et
866 1774 1115 1826 magnam
1155 1756 1446 1809 decernunt
1483 1756 1727 1808 licentiae
1765 1758 1910 1824 pote-
1935 1775 1978 1807 20

222 1834 429 1898 statem,
477 1833 528 1882 et
575 1830 802 1883 reddunt
848 1832 983 1883 tales
1033 1831 1127 1899 qui
1175 1849 1357 1882 omnes
1398 1833 1547 1884 actus
1587 1830 1910 1882 felicissimis

221 1905 520 1958 rationibus
553 1905 851 1973 conpleant,
883 1907 935 1956 et
960 1904 1220 1957 maximae
1246 1906 1408 1957 etiarn
1433 1904 1911 1957 administrationis

224 1980 402 2032 officia
441 1979 746 2048 decernunt,
794 1982 846 2031 et
892 1979 1024 2031 tales
1072 1997 1160 2031 eos
1210 1980 1450 2031 efficiunt
1497 1981 1557 2031 ut
1595 1979 1703 2031 illis
1743 1978 1912 2031 crebri

221 2054 450 2106 honores
487 2054 650 2123 regiis
688 2053 899 2106 iudiciis
941 2053 1293 2106 conferantur.

173 2141 205 2192 2
338 2141 651 2212 [Iuppiter
692 2145 751 2194 et
791 2141 899 2194 Sol
938 2141 1220 2212 trigoni]
1264 2140 1321 2194 Si
1355 2141 1599 2210 Iuppiter
1640 2159 1758 2193 cum
1791 2139 1913 2193 Sole
1938 2162 1980 2194 25

223 2218 386 2269 fuerit
425 2216 690 2287 trigonica
728 2216 1023 2268 radiatione
1064 2216 1394 2285 coniunctuS‚
1435 2219 1487 2268 et
1527 2216 1633 2267 sint
1669 2216 1824 2268 ambo
1857 2215 1913 2267 in

225 2291 504 2360 oportunis
545 2291 820 2361 geniturae
858 2291 991 2343 locis
1031 2290 1217 2359 positi,
1261 2293 1313 2342 et
1354 2290 1418 2342 ab
1461 2289 1706 2342 omnibus
1747 2289 1913 2342 deiec-

226 2450 405 2505 ὃόξους,
447 2451 495 2495 εἴ
526 2468 576 2509 γε
618 2450 810 2508 μάλιστα
851 2451 1107 2506 αὐξιφωτεῖ
1137 2451 1162 2507 ἡ
1198 2450 1398 2507 Σελήνη·
1439 2453 1498 2507 (4)
1532 2451 1572 2495 εἰ
1605 2448 1655 2494 δὲ
1688 2453 1911 2507 λειψιφω·

226 2519 307 2564 τεῐ,
346 2509 613 2567 μετριότερα
655 2510 781 2555 ἔσται
811 2510 868 2554 τὰ
902 2509 1131 2566 εἰρημένα.
1286 2515 1339 2553 19
1374 2514 1476 2565 171,
1500 2514 1531 2554 2
1574 2509 1718 2568 ἀρχὰς
1750 2508 1913 2555 δίδωσι

228 2571 306 2614 καὶ
337 2570 472 2626 τιμὰς
511 2567 626 2624 παρ’
662 2569 903 2627 ἡγεμόνων
943 2570 1021 2613 καὶ
1054 2570 1330 2624 δραστικοὺς
1361 2577 1497 2613 ποιεῖ.

348 2724 372 2761 2
404 2719 611 2762 insinuat
636 2721 674 2761 Δ
761 2723 788 2761 4
818 2717 1062 2774 praedicta
1087 2718 1142 2776 A]
1174 2717 1442 2774 praedictae
1467 2717 1568 2760 Bn²
1593 2718 1753 2761 Patav.
1782 2730 1913 2772 prae-

231 2778 367 2821 dictis
399 2779 587 2820 ND¹Gv
625 2780 631 2833 Ι
665 2778 906 2821 felicitatis
939 2778 994 2835 A]
1027 2777 1333 2821 felicitatibus
1358 2780 1445 2820 AG
1476 2776 1784 2820 felicitatibus
1818 2775 1857 2818 si
1881 2779 1913 2817 B

232 2839 393 2882 Patav.
427 2843 468 2881 et
496 2852 525 2879 v
558 2851 679 2893 quae
705 2837 770 2880 sic
862 2842 887 2880 5
921 2838 968 2879 et
1000 2837 1066 2894 Γ]
1099 2837 1242 2879 etiam
1273 2838 1313 2879 Δ
1409 2841 1459 2879 11
1496 2836 1586 2879 Sed
1617 2862 1674 2867 —-
1707 2834 1915 2878 decernit

232 2911 314 2940 om.
344 2898 390 2939 Γ
499 2901 551 2938 13
583 2895 658 2939 ΧΙ.
689 2896 755 2954 Γ]
787 2895 884 2939 ΧΠ,
910 2898 948 2938 Δ
1075 2900 1127 2938 17
1160 2894 1390 2953 trigonica
1420 2895 1562 2938 fuerit
1585 2897 1624 2938 Δ
1748 2898 1802 2937 20
1836 2894 1912 2937 de-

233 2955 381 2998 cernit
410 2969 522 3000 corr.
548 2970 576 2997 v
668 2960 723 2998 24
755 2955 896 3012 regiis
921 2955 1023 3013 BA]
1049 2955 1172 3011 regis
1265 2959 1319 2997 27
1352 2954 1494 3010 positi
1515 2955 1580 3012 Γ]
1606 2952 1848 2997 constituti
1872 2955 1911 2996 A
