2090 3198
242 141 351 195 354
973 141 1201 187 FIRMICI

242 267 420 317 autem
465 267 557 317 aut
605 263 684 316 ira
729 265 872 334 regis
920 268 1012 317 aut
1059 264 1196 318 odio,
1273 262 1336 317 In
1374 261 1466 317 XI.
1505 268 1654 334 parte
1692 264 1928 318 Piscium

242 339 566 407 quicumque
604 337 852 391 habuerit
901 339 1277 407 horoscopum,
1330 339 1387 390 in
1441 339 1664 392 desertis
1712 339 1844 393 locis
1899 359 1930 393 a

240 413 427 465 bestiis
452 413 744 481 †naturam
775 413 975 482 perdet,
1008 417 1100 466 aut
1130 414 1187 465 in
1217 411 1452 465 humidis
1482 412 1630 483 locis,
1662 417 1755 467 aut
1787 418 1929 468 certe

190 486 296 539 5in
328 487 502 556 prima
541 490 711 540 aetate
750 487 1098 540 biothanatus
1138 487 1252 539 sine
1289 487 1418 539 filiis
1449 488 1659 555 peribit.
1715 487 1779 541 In
1809 487 1928 541 XII.

240 565 392 630 parte
430 561 668 614 Piscium
725 562 1048 629 quicumque
1098 561 1346 614 habuerit
1399 561 1774 631 horoscopum,
1829 563 1930 615 erit
1976 584 1995 616 ⁵

240 636 475 703 piscator
520 636 825 705 freneticus,
873 638 926 688 et
971 636 1028 688 in
1073 636 1248 705 prima
1295 638 1466 688 aetate
1517 638 1790 690 morietur.
1866 636 1928 690 In

205 763 208 765 ,
240 708 385 762 ΧΙΙΙ.
418 713 569 779 parte
607 709 843 762 Piscium
892 710 1214 780 quicumque
1262 710 1511 762 habuerit
1556 711 1929 780 horoscopum,

239 788 515 853 praesente
555 783 761 837 Venere
803 787 856 836 et
892 783 1033 854 Iove,
1075 784 1175 837 erit
1214 783 1360 837 dives
1398 785 1596 838 nobilis
1637 789 1690 837 et
1728 785 1928 838 habens

239 859 407 911 vitam
439 862 493 911 et
523 858 664 912 vitae
697 859 1052 911 substantiam
1085 878 1150 911 ex
1175 857 1355 927 aliqua
1379 862 1503 912 arte.
1561 858 1617 911 Si
1642 877 1767 912 vero
1792 859 1929 912 Mer-

240 932 419 986 curius
460 933 508 984 ei
549 950 881 1001 quacumque
919 933 1083 986 fuerit
1121 932 1416 985 radiatione
1457 934 1786 1002 coniunctuS,
1830 934 1929 986 erit
1955 957 1996 990 ιο

239 1007 544 1078 negotiator
581 1007 966 1078 pigmentarius
1006 1007 1152 1060 dives
1191 1007 1342 1077 felix3
1383 1008 1509 1060 filiis
1550 1008 1928 1077 superstitibus

189 1081 509 1135 6morietur.
571 1080 635 1133 In
667 1081 811 1134 XIV.
843 1084 994 1150 parte
1019 1081 1254 1135 Piscium
1288 1081 1610 1150 quicumque
1640 1083 1929 1135 habuerint

54 1175 121 1215 soz.
136 1168 277 1204 114r11
303 1155 685 1225 horoscopum,
731 1156 963 1208 maxima
1001 1156 1110 1208 illis
1151 1155 1491 1209 conferentur
1530 1156 1806 1227 dignitatis
1853 1157 1929 1209 in-

240 1231 427 1300 signia.
489 1229 553 1282 In
594 1231 809 1298 aquosis
847 1229 979 1282 locis
1018 1231 1315 1283 morientur
1353 1232 1437 1283 vel
1477 1232 1534 1283 in
1570 1231 1806 1284 humidis
1838 1236 1930 1283 aut

240 1324 270 1357 a
309 1305 511 1373 piratis,
574 1303 637 1357 In
667 1304 784 1357 XV.
821 1308 972 1373 parte
1008 1304 1244 1358 Piscium
1284 1305 1607 1374 quicumque
1645 1305 1929 1358 habuerint
1954 1328 1995 1360 15

238 1378 612 1449 horoscopum,
645 1382 922 1448 praesente
962 1378 1145 1448 Marte,
1194 1380 1348 1432 ibunt
1387 1399 1482 1448 per
1522 1380 1729 1433 deserta
1766 1383 1928 1432 terra—

239 1460 373 1523 rum,
414 1457 467 1505 et
504 1472 599 1522 per
636 1454 912 1524 incognita
951 1453 1120 1506 maria
1159 1453 1504 1523 navigabunt.
1581 1454 1927 1523 Torquebun-

239 1531 328 1580 tur
351 1531 404 1581 et
428 1528 703 1580 habebunt
730 1528 895 1580 vitam
923 1546 1129 1597 semper
1154 1528 1211 1580 in
1234 1528 1474 1581 navibus.
1522 1527 1585 1580 In
1609 1528 1751 1581 XVI.
1776 1532 1928 1597 parte

239 1602 474 1655 Piscium
515 1603 834 1671 quicumque
888 1602 1134 1654 habuerit
1187 1602 1559 1672 horoscopum,
1621 1602 1720 1655 erit
1782 1603 1927 1655 dives

190 1676 547 1746 YIongaevuS,
594 1677 733 1729 inter
779 1677 966 1728 affines
1014 1693 1137 1729 suos
1184 1676 1401 1745 primus.
1465 1676 1528 1729 In
1566 1675 1737 1729 XVII.
1777 1680 1927 1746 parte
1953 1699 1996 1731 20

239 1751 475 1804 Piscium
531 1751 852 1819 quicumque
907 1751 1192 1803 habuerint
1249 1751 1631 1820 horoscopum,
1693 1751 1929 1803 carmina

241 1825 381 1877 dulci
435 1825 799 1877 modulatione
854 1825 1158 1878 cantabunt.
1239 1823 1295 1877 Si
1341 1843 1464 1878 vero
1511 1825 1656 1878 Mars
1711 1825 1766 1876 in
1812 1825 1929 1893 ipsa

238 1903 388 1968 parte
420 1898 583 1952 fuerit
614 1900 879 1968 inventUS,
910 1899 1104 1967 laqueo
1139 1917 1194 1952 se
1227 1899 1565 1968 suspendent.
1628 1898 1691 1951 In
1729 1898 1926 1951 XVIII.

239 1977 388 2041 parte
428 1973 663 2027 Piscium
720 1974 1042 2043 quicumque
1096 1973 1344 2026 habuerit
1398 1973 1772 2042 horoscopum,
1827 1975 1928 2025 erit

239 2048 410 2100 audax
449 2048 678 2100 multum
719 2048 896 2100 cibum
938 2066 1152 2101 sumens
1191 2047 1613 2101 valitudinarius
1683 2047 1746 2101 In
1785 2046 1924 2100 XIX.
1952 2070 1994 2102 25

240 2126 389 2190 parte
428 2122 665 2175 Piscium
722 2123 1044 2190 quicumque
1095 2122 1343 2174 habuerit
1395 2122 1774 2190 horoscopum,
1829 2122 1928 2173 erit

241 2200 419 2248 orator
481 2197 766 2248 advocatus
829 2197 1105 2248 affluentia
1167 2196 1309 2248 docti
1373 2196 1631 2248 sermonis
1693 2199 1924 2248 ornatus

240 2269 440 2332 Quodsi
494 2270 741 2323 benivola
795 2273 950 2323 stella
1003 2270 1370 2323 testimonium
1426 2270 1772 2339 conmodarit,
1826 2270 1928 2322 erit

360 2421 381 2459 1
410 2416 516 2459 odio
541 2417 595 2474 D]
623 2416 728 2459 odio
755 2416 860 2458 dolo
885 2420 923 2458 N
956 2415 1062 2459 dolo
1092 2418 1137 2459 Γ
1238 2421 1262 2459 3
1288 2419 1503 2459 naturam
1527 2416 1710 2474 perdet]
1738 2430 1836 2460 *πμ*
1862 2415 1926 2458 vi-

238 2479 336 2519 tam
368 2476 533 2532 perdet
564 2492 590 2518 κ
721 2480 745 2518 6
779 2475 975 2518 moritur
1003 2478 1041 2518 Δ
1175 2479 1200 2518 8
1233 2475 1404 2519 nobilis
1437 2478 1485 2519 et
1516 2476 1642 2519 dives
1676 2475 1852 2518 habens
1885 2477 1924 2517 Δ

299 2539 323 2577 9
364 2535 509 2578 vitam
550 2536 596 2578 et
635 2549 717 2578 om.
751 2537 790 2577 Δ
872 2539 878 2589 Ι
958 2536 1056 2577 arte
1097 2534 1257 2589 aliqua
1295 2538 1334 2578 Δ
1377 2535 1501 2591 (hab.
1536 2548 1590 2578 ex
1622 2535 1682 2578 al.
1716 2536 1814 2577 arte
1846 2534 1924 2577 vit.

240 2595 381 2638 subst.
413 2610 442 2636 v
473 2595 648 2650 melius)
773 2598 826 2637 12
859 2593 1035 2637 horosc.
1069 2594 1176 2637 hab.
1203 2597 1242 2636 A
1368 2598 1422 2637 14
1455 2595 1678 2638 morietur
1707 2607 1821 2638 corr.
1854 2609 1883 2635 v
1918 2595 1922 2651 Ι

239 2654 286 2696 in
320 2667 403 2697 om.
442 2656 487 2696 Γ
539 2655 543 2711 Ι
602 2654 683 2695 aut
715 2667 742 2695 a
773 2653 835 2711 Δ]
877 2653 950 2696 vel
983 2667 1038 2695 ex
1077 2656 1120 2696 Γ
1252 2658 1305 2695 15
1338 2653 1386 2696 P.
1419 2669 1464 2709 p.
1502 2656 1548 2696 Γ
1680 2658 1732 2696 18
1765 2653 1813 2695 in
1846 2666 1925 2695 na-

240 2712 372 2756 vibus
405 2712 549 2756 vitam
580 2715 619 2754 A
680 2714 685 2768 1
743 2727 785 2768 p.
819 2712 936 2756 XVI.
970 2715 1009 2755 Δ
1136 2717 1188 2755 19
1222 2712 1311 2755 erit
1343 2712 1432 2756 div.
1467 2726 1548 2756 om.
1580 2717 1618 2754 N
1740 2716 1794 2754 20
1827 2711 1926 2754 lon-

240 2785 411 2827 gaevus
444 2787 526 2815 om.
560 2774 599 2814 Δ
660 2772 665 2829 Ι
723 2787 766 2827 p.
799 2771 938 2815 XVII.
973 2774 1011 2814 Δ
1144 2775 1196 2814 21
1231 2771 1448 2814 habuerit
1478 2775 1602 2814 AGv
1731 2775 1784 2814 22
1819 2783 1926 2813 can-

240 2831 363 2874 tabit
396 2867 404 2875 .
434 2866 440 2874 .
471 2866 478 2874 .
513 2831 766 2886 suspendet
799 2835 832 2872 G
954 2835 1009 2873 24
1042 2830 1345 2886 horoscopum
1380 2830 1645 2884 habuerint,
1678 2831 1814 2872 erunt
1846 2843 1925 2871 au-

242 2890 379 2933 daces
407 2925 415 2933 .
444 2924 453 2933 .
481 2924 490 2933 .
518 2892 750 2933 sumentes
777 2889 1096 2933 valitudinarii
1122 2893 1160 2932 A
1286 2894 1340 2932 28
1373 2889 1617 2933 benivolae
1651 2888 1813 2932 stellae
1842 2922 1852 2932 .
1878 2922 1887 2931 .
1915 2924 1923 2932 .

241 2949 578 2992 commodariut
610 2952 648 2991 A
