2090 3198
811 141 912 186 Vm
943 146 1013 197 28,
1039 157 1154 189 2—8.
1718 141 1826 194 345

136 263 414 334 repentina
454 263 764 316 morientur.
834 263 899 316 In
929 263 1019 317 XI.
1051 268 1203 334 parte
1236 262 1549 332 Capricorni
1590 262 1825 331 quicum-

138 357 239 407 que
286 338 534 391 habuerit
582 338 956 407 horoscopum,
1003 339 1104 391 erit
1144 337 1364 390 aurifex.
1425 335 1487 389 In
1527 334 1646 389 XII.
1675 340 1826 405 parte

137 411 449 481 Capricorni
474 412 796 480 quicumque
819 412 1069 465 habuerit
1090 412 1470 480 horoscopum,
1494 410 1597 463 erit
1627 409 1828 463 athleta

139 487 356 539 virtutis
388 503 613 556 magnae
644 485 1004 539 biothanatus.
1060 485 1122 538 In
1154 484 1301 538 XIII.
1333 488 1486 554 parte
1519 483 1827 553 Capricorni
1846 484 1880 537 6

91 583 111 616 5
138 561 462 629 quicumque
515 559 803 612 habuerint
855 559 1237 629 horoscopum,
1294 559 1340 611 si
1393 558 1538 611 Mars
1594 559 1652 611 in
1712 558 1829 627 ipsa

136 638 288 704 parte
333 634 499 687 fuerit
544 633 808 702 inventuS,
855 637 1012 687 erunt
1057 635 1192 687 tales
1233 633 1325 702 qui
1363 635 1585 704 propter
1620 634 1830 685 lucrum

136 709 203 761 ad
235 726 391 762 omne
421 707 626 760 facinus
658 707 990 761 crudelitatis
1023 708 1291 761 accedant.
1347 706 1453 760 Sed
1486 709 1641 759 erunt
1663 706 1830 759 Marsi

136 800 340 835 venena
392 781 695 851 vendenteS,
751 782 844 850 qui
893 786 1165 852 serpentes
1214 781 1404 850 sopitis
1451 799 1778 835 venenorum
1795 797 1864 835 fot·
1876 792 2015 827 1120-11

137 856 335 909 aculeis
373 857 630 909 nutriant.
691 855 796 908 Per
832 855 932 909 hos
971 856 1132 909 multi
1170 855 1481 923 morientur,
1521 851 1677 908 erunt
1715 873 1830 924 per·

69 952 112 985 10
136 931 242 983 iuri
274 931 658 983 adulteratores
682 931 930 999 <moechi
953 931 1082 983 mali
1106 931 1363 983 malitiosi
1386 931 1472 982 vel
1496 930 1831 998 sequestres>

135 1004 436 1057 libidinum.
512 1003 587 1056 Hi
640 1004 789 1056 tenui
835 1021 966 1057 voce
1020 1004 1247 1058 dulciter
1297 1004 1486 1057 modos
1534 1004 1830 1057 carminum

137 1079 327 1146 dicent,
382 1095 567 1131 omnes
620 1077 866 1131 homines
920 1079 1048 1132 ficta
1098 1078 1422 1147 decipientes
1470 1077 1831 1147 simplicitate,

136 1152 415 1222 †oriputri
455 1151 690 1222 clamosi,
738 1153 829 1220 qui
868 1171 1041 1222 neque
1082 1153 1145 1206 de
1184 1171 1352 1206 uxore
1389 1170 1563 1223 neque
1603 1152 1666 1205 de
1704 1152 1831 1204 filiis

138 1226 333 1298 gaudia
380 1229 787 1295 consequantur.
849 1226 1051 1280 Verum
1103 1245 1356 1296 processu
1396 1226 1586 1279 aetatis
1635 1226 1698 1278 de
1745 1244 1833 1294 pe-

71 1322 113 1356 15
139 1302 296 1353 dibus
337 1301 727 1354 claudicabunt.
792 1300 895 1354 Sed
934 1301 991 1354 hi
1032 1303 1095 1354 de
1137 1300 1470 1354 commerciis
1507 1299 1594 1353 vel
1633 1300 1698 1353 de
1736 1319 1832 1370 pu-

136 1374 277 1428 blico
323 1375 600 1428 habebunt
645 1376 787 1428 vitae
834 1375 1085 1428 subsidia.
1162 1374 1227 1428 In
1265 1373 1408 1427 XIV.
1450 1377 1603 1444 parte
1653 1373 1832 1443 Capri-
1853 1377 1881 1428 7

138 1450 287 1502 corni
328 1450 653 1518 quicumque
692 1449 980 1502 habuerint
1017 1451 1392 1519 horoscopum,
1426 1449 1471 1502 si
1502 1447 1745 1517 Iuppiter
1775 1449 1834 1500 in

138 1525 254 1592 ipsa
306 1526 458 1593 parte
512 1523 676 1576 fuerit
729 1523 994 1592 inventus,
1015 1559 1021 1564 -
1044 1523 1131 1577 vel
1176 1524 1377 1593 VenuS,
1430 1526 1587 1576 erunt
1641 1522 1833 1575 divites

138 1597 373 1650 ministri
403 1616 593 1668 regum
625 1597 846 1667 [quibus
886 1597 962 1667 et]
1003 1599 1269 1667 <quorum
1307 1598 1435 1651 fidei
1480 1596 1834 1650 maximarum

72 1694 115 1726 πο
138 1672 354 1739 rerum>
398 1672 559 1724 tuitio
616 1672 883 1741 credatur3
937 1673 992 1724 in
1046 1672 1247 1741 populo
1304 1690 1400 1724 suo
1454 1670 1834 1740 principalium

141 1764 358 1799 suorum
400 1745 580 1799 officia
618 1746 939 1799 tractabunt.
1010 1746 1188 1800 Erunt
1228 1764 1352 1799 sane
1391 1746 1741 1816 negligenteS,
1781 1747 1834 1796 et

143 1822 235 1890 qui
273 1820 519 1889 plurimis
560 1821 819 1873 conviviis
858 1821 1141 1891 gaudeant.
1213 1819 1415 1883 Quodsi
1445 1820 1739 1872 Mercurius
1780 1821 1837 1871 in

140 1894 258 1963 ipso
298 1894 418 1947 loco
458 1895 622 1947 fuerit
659 1895 924 1964 inventuS,
966 1914 1031 1948 ex
1070 1895 1361 1948 domestica
1394 1893 1835 1948 conmendatione

143 1968 399 2038 provecti,
447 1968 513 2020 ad
555 1969 805 2021 notitiam
845 1987 1033 2039 regum
1074 1970 1470 2037 amicitiamque
1509 1967 1834 2037 pervenient.

77 2063 118 2097 2⁵
142 2041 204 2095 In
237 2042 354 2094 XV.
378 2046 529 2110 parte
565 2041 876 2112 Capricorni
909 2044 1232 2112 quicumque
1264 2042 1549 2095 habuerint
1587 2042 1836 2094 horosco-

143 2135 288 2184 pum,
330 2119 482 2168 erunt
522 2117 649 2168 nani
681 2116 955 2187 gibberosi
986 2117 1214 2170 ridiculi.
1276 2116 1340 2169 In
1379 2115 1523 2168 XVI.
1554 2120 1704 2184 parte
1738 2113 1886 2169 (Da-8

144 2189 380 2259 pricorni
422 2190 745 2258 quicumque
785 2191 1070 2243 habuerint
1100 2192 1480 2260 horoscopum,
1513 2209 1604 2243 sex
1636 2190 1834 2260 digitos

145 2264 420 2316 habebunt
452 2267 505 2317 et
536 2268 691 2316 erunt
722 2264 1008 2335 gibberosi.
1063 2264 1127 2317 In
1160 2265 1533 2318 coniunctione
1568 2265 1750 2333 spinae
1784 2267 1837 2316 et

148 2338 272 2390 colli
313 2338 639 2406 quicumque
678 2337 964 2391 habuerint
1003 2340 1379 2407 horoscopum,
1418 2338 1588 2391 Marte
1629 2338 1704 2390 ibi
1745 2356 1837 2406 po-

265 2474 291 2511 4
325 2483 368 2524 p.
402 2468 520 2511 XIII.
555 2471 594 2511 Δ
720 2474 745 2512 5
780 2469 1001 2513 habuerit
1032 2472 1072 2514 Δ
1198 2474 1251 2513 10
1284 2469 1390 2514 add.
1423 2474 1462 2512 N
1585 2474 1636 2512 11
1672 2469 1722 2511 hi
1752 2483 1836 2513 om..

146 2531 186 2571 Δ
341 2531 395 2571 13
443 2527 642 2584 oriputri
676 2529 743 2586 Γ]
791 2528 965 2585 oriputi
997 2531 1036 2572 Δ
1086 2529 1312 2586 oriputidi
1344 2546 1371 2572 κ
1418 2543 1494 2572 ore
1526 2528 1655 2584 turpi
1687 2541 1712 2571 σ
1760 2541 1838 2571 ore

146 2586 272 2643 putri
298 2590 322 2639 ζ
343 2587 399 2640 cf.
427 2590 529 2640 328,
554 2600 575 2630 3
690 2592 744 2631 14
770 2588 846 2646 dc]
873 2589 930 2642 cf.
964 2589 1092 2632 Thes.
1118 2590 1146 2633 l.
1174 2590 1199 2632 l.
1237 2590 1280 2633 V
1299 2592 1370 2633 63.
1398 2593 1453 2632 61
1471 2602 1562 2644 sqq.
1688 2591 1742 2630 15
1767 2586 1839 2629 vel

147 2645 337 2702 publico
369 2650 408 2687 N
531 2651 583 2690 17
617 2646 836 2690 habuerit
863 2645 912 2689 A'
1038 2652 1091 2691 19
1122 2661 1287 2705 regum
1320 2648 1364 2705 σ]
1398 2660 1550 2691 rerum
1607 2649 1613 2703 Ι
1671 2645 1838 2701 quibus

149 2707 196 2748 et
227 2719 422 2759 quorum
454 2705 485 2748 f.
518 2719 577 2748 m.
611 2720 645 2748 r.
679 2706 817 2750 tuitio
847 2707 905 2764 N]
939 2707 1112 2762 quibus
1146 2706 1287 2750 tuitio
1324 2709 1407 2750 ΓΙ)
1440 2707 1523 2750 del.
1557 2708 1581 2758 ζ
1656 2706 1663 2763 Ι
1742 2718 1840 2748 ma-

147 2764 273 2807 xima
303 2768 342 2806 N
380 2778 493 2808 corr.
527 2766 550 2817 ζ
701 2769 753 2808 21
789 2766 994 2824 suorum]
1038 2766 1240 2810 virorum
1272 2781 1299 2808 a
1332 2765 1545 2822 (imperio
1578 2778 1659 2808 suo
1691 2764 1838 2820 princ.

148 2823 351 2866 virorum
376 2822 451 2866 off.
479 2828 524 2877 κ)
647 2828 702 2866 ‘24
735 2823 1011 2880 perveniunt
1035 2828 1074 2868 A
1198 2829 1253 2868 25
1279 2830 1319 2868 et
1345 2829 1400 2868 26
1427 2823 1560 2880 Capr.
1586 2825 1718 2881 parte
1743 2827 1779 2865 A

149 2886 205 2925 26
238 2882 422 2939 gibbosi
453 2886 492 2924 N
614 2887 668 2925 28
700 2882 898 2926 habebit
926 2887 965 2926 N
1022 2886 1028 2939 Ι
1087 2886 1222 2927 erunt
1253 2883 1489 2939 gibberosi
1522 2883 1578 2941 A]
1615 2882 1702 2926 erit
1737 2882 1835 2939 gib-

148 2941 337 2985 berosus
461 2945 515 2984 29
547 2940 764 2984 habuerit
795 2944 884 2984 ΔΑ
