2066 3192
851 134 915 180 VI
945 139 987 192 9,
1013 148 1172 181 11—16.
1786 135 1856 190 87

168 256 406 328 obligata
441 256 629 326 lingua
667 257 885 310 balbum
925 274 1116 310 sonum
1146 256 1293 310 vocis
1324 256 1536 325 efficiet,
1574 256 1707 310 alios
1740 257 1827 310 ob·
1845 272 2009 314 somam

166 330 302 383 tusis
348 330 567 384 auribus
612 331 780 384 efficit
818 331 1024 399 surdos,
1074 334 1128 384 et
1164 334 1503 400 perseverant
1541 331 1674 385 haec
1711 332 1857 400 vitia,

165 404 269 458 nisi
316 404 632 474 praecedens
678 406 878 458 malum
925 404 1233 458 testimonio
1280 404 1469 458 Martis
1516 405 1680 458 fuerit
1717 405 1857 459 miti-

166 482 366 549 gatum.
443 477 500 531 Si
557 497 678 531 vero
733 479 1027 532 Mercurius
1075 479 1317 548 superior
1362 479 1580 532 effectus
1630 483 1684 532 et
1737 480 1857 532 dex-

121 575 140 608 5
167 557 309 606 trum
347 553 625 623 possidens
665 553 806 606 latus
858 552 1149 606 Saturnum
1189 555 1246 607 in
1291 553 1530 606 inferiori
1569 555 1688 607 loco
1737 570 1856 607 con-

166 630 415 680 stitutum
463 628 722 697 quadrata
768 627 1065 680 radiationc
1104 627 1420 697 respexerit,
1465 627 1604 680 nihil
1642 628 1855 697 quidem

165 701 293 756 boni
354 719 452 755 nec
514 719 579 755 ex
633 703 734 755 ista
789 703 1180 756 coniunctionis
1235 703 1489 756 societate
1544 701 1857 772 decernitur,

165 776 258 829 sed
289 775 818 846 quantulumcunque
849 777 1278 846 praecedentium
1310 777 1727 853 infortuniorum
1761 777 1857 829 mi-

163 851 366 922 tigatur
403 851 716 920 inprobitas.

97 961 140 994 10
163 938 337 1066 LuriaS
348 943 614 1083 ἶξιὲἒὲειῖἓ
643 939 856 1068 ῩῗιξϊίΙὲιΐ
865 940 1187 1068 111·aadi{i{iigiiier
1195 938 1489 1080 {giiiunffit
1501 938 1858 1084 Sattzrffietsstrg
1879 942 1945 994 15

163 1087 407 1158 quadrati
455 1087 715 1142 Saturnus
765 1089 1093 1158 superiorem
1131 1089 1409 1158 possidens
1447 1091 1655 1159 partem
1694 1089 1750 1141 in
1791 1090 1858 1141 si-

162 1163 330 1215 nistro
379 1164 637 1231 quadrato
677 1163 885 1216 Lunam
930 1165 1161 1232 positam
1210 1163 1407 1218 minaci
1443 1163 1742 1216 radiatione
1780 1182 1857 1216 re-

163 1237 416 1306 spexerit,
471 1238 754 1290 malitiosis
807 1237 1124 1292 humoribus
1177 1238 1395 1308 fatigari
1448 1255 1643 1307 corpus
1696 1238 1858 1290 faciet

97 1332 139 1366 15
164 1312 269 1364 ista
308 1313 635 1380 coniunctio,
674 1315 727 1365 et
765 1312 904 1381 (ab)
942 1312 1191 1365 omnibus
1230 1312 1441 1366 actibus
1479 1311 1652 1382 pigris
1693 1312 1857 1365 animi

162 1386 320 1439 faciet
381 1386 687 1455 torporibus
743 1390 1039 1455 separatOS,
1099 1390 1154 1439 et
1215 1389 1347 1440 tales
1408 1386 1584 1440 reddit
1641 1386 1735 1455 qui
1791 1386 1858 1439 ad

161 1462 339 1513 nullos
393 1464 541 1514 actus
595 1461 884 1529 aliquando
939 1461 1131 1515 audere
1185 1461 1410 1531 possint.
1489 1459 1594 1514 Sed
1648 1464 1701 1513 et
1750 1480 1857 1514 ma-

161 1538 366 1587 ternam
408 1535 762 1588 substantiam
802 1535 905 1589 ista
944 1535 1250 1589 coniunctio
1289 1536 1499 1588 miseris
1539 1554 1748 1605 semper
1784 1535 1857 1588 la-

163 1609 520 1662 cerationibus
582 1610 829 1680 dissipat,
890 1614 982 1663 aut
1043 1613 1228 1663 contra
1281 1613 1476 1663 matres
1530 1609 1673 1662 filios
1725 1609 1858 1664 facit

96 1708 139 1739 20
162 1683 473 1752 paricidalia
511 1684 913 1738 inimicitiarum
954 1684 1221 1754 suscipere
1260 1685 1565 1738 certamina.
1635 1683 1693 1737 Si
1730 1702 1856 1737 vero
1879 1685 1945 1737 16

162 1757 315 1810 Luna
354 1759 598 1827 superior
636 1759 824 1812 effecta
870 1763 923 1812 et
970 1759 1215 1812 dextrum
1257 1759 1537 1828 possidens
1576 1759 1718 1811 latus
1767 1756 1857 1812 Sa-

162 1835 381 1885 turnum
428 1832 484 1884 in
530 1834 772 1886 inferiori
818 1833 936 1887 loco
984 1833 1339 1886 constitutum
1389 1833 1647 1902 quadrata
1688 1832 1858 1886 radia-

166 1906 313 1959 tione
352 1907 657 1976 respexerit,
700 1910 923 1961 matrem
962 1907 1066 1960 ista
1106 1907 1414 1961 coniunctio
1455 1907 1650 1960 misera
1687 1910 1859 1960 morte

283 2084 344 2139 (1)
384 2080 463 2126 καί
502 2099 624 2134 τινες
663 2084 850 2137 τραυλοὶ
892 2084 1075 2129 ἔσονται
1115 2082 1142 2134 ἢ
1183 2083 1423 2158 μογιλάλοι
1457 2084 1538 2127 κάὶ
1569 2085 1858 2138 ψελλιζοντες

166 2139 193 2197 ἢ
226 2140 557 2199 βρυχιῶντες”
534 2160 561 2198 η
595 2142 758 2198 κωφοί.
823 2146 887 2200 (3)
918 2150 1000 2188 τοῦ
1026 2143 1076 2188 δὲ
1096 2141 1270 2199 Ερμοῦ
1296 2140 1376 2188 τὸν
1401 2142 1589 2198 Κρόνον
1615 2146 1854 2198 καθυπερ-

163 2208 407 2255 τεροῦντος
437 2205 498 2257 (6)
532 2203 616 2246 οὐκ
649 2202 837 2259 ἀγαθὸν
869 2201 952 2258 μὲν
983 2202 1034 2247 τὸ
1061 2208 1234 2260 σχῆμα·
1270 2200 1442 2260 ὄμως”’
1413 2219 1561 2259 ηττων
1586 2202 1614 2257 ἡ
1640 2216 1855 2253 κακωσις.

167 2265 221 2304 10
254 2262 315 2304 In
341 2261 557 2318 Catazoyo
582 2265 687 2315 167,
702 2265 761 2305 21
787 2261 1153 2317 καθυπερτερίαι
1177 2264 1479 2307 invertuntur.
1552 2263 1644 2318 (14)
1667 2265 1732 2306 26
1756 2259 1856 2317 6825-

165 2336 287 2375 ματα
318 2328 451 2364 κινεῖ.
506 2323 598 2378 (16)
629 2325 691 2365 27
720 2322 800 2365 καὶ
833 2320 1066 2376 ἀπραξίας
1098 2321 1250 2366 αἴτιον
1282 2322 1333 2366 τὸ
1359 2329 1522 2379 σχῆμα.
1579 2323 1670 2377 (17)
1703 2324 1766 2365 25
1796 2320 1854 2365 τὰ

165 2378 362 2435 μητρικὰ
402 2379 609 2436 κτήματα
649 2379 866 2435 ἀφανίζει
913 2414 922 2424 .
952 2418 958 2423 .
987 2416 996 2424 .
1045 2382 1125 2425 καὶ
1166 2381 1210 2426 οἱ
1241 2383 1410 2433 παῖδες
1447 2381 1610 2439 ἐχθροὶ
1641 2387 1743 2432 ταῖς
1773 2398 1856 2437 μη-

165 2437 327 2493 τράσιν
361 2438 556 2483 ἔσονται.
621 2444 676 2483 23
708 2444 767 2485 21
799 2439 828 2496 ἡ
861 2438 944 2496 μὲν
976 2440 1122 2498 μήτηρ
1154 2440 1500 2494 κακοθάνατος,

285 2592 310 2630 3
344 2588 626 2644 praecedens
658 2589 715 2647 A]
746 2590 1002 2645 procedens
1030 2591 1036 2646 1
1064 2589 1188 2634 malo
1220 2603 1333 2634 corr.
1361 2589 1415 2647 ζΙ
1442 2588 1664 2646 mitigata
1695 2603 1809 2634 corr.
1836 2592 1861 2641 ζ

168 2651 193 2690 5
226 2646 276 2689 in
308 2660 391 2691 om.
418 2650 504 2691 AG
531 2650 538 2704 Ι
566 2647 784 2692 inferiore
817 2650 903 2692 AG
1032 2653 1056 2692 7
1089 2663 1175 2693 nec
1207 2663 1290 2694 om.
1321 2651 1366 2693 Γ
1492 2652 1518 2692 8
1550 2647 1600 2691 in
1632 2649 1858 2704 quantum

169 2706 338 2762 cuique
370 2720 484 2751 corr
510 2723 536 2750 κ
660 2712 712 2751 11
747 2707 852 2752 add.
879 2712 917 2750 N
1041 2713 1093 2752 12
1126 2708 1316 2752 Saturni
1348 2710 1387 2752 Δ
1514 2712 1567 2751 15
1600 2706 1718 2751 add:
1734 2721 1761 2750 a

174 2770 227 2809 16
253 2765 522 2821 corporibus
546 2780 660 2811 corr.
677 2781 706 2809 a
732 2768 738 2822 Ι
767 2767 827 2810 ad
865 2768 922 2822 cf.
941 2767 1003 2811 ad
1027 2769 1061 2812 I
1079 2771 1183 2822 132,
1200 2780 1243 2822 1;
1269 2768 1359 2811 Iul.
1382 2768 1538 2823 Val.p.
1555 2770 1682 2820 95‚21
1699 2768 1762 2812 K.

171 2829 224 2868 19
250 2824 478 2880 dissipata
503 2827 556 2868 ut
578 2827 796 2870 B-Patav.
855 2826 1023 2882 issipat
1046 2829 1100 2870 ut
1123 2832 1215 2880 cet„
1242 2841 1352 2871 corr.
1371 2826 1430 2868 D'
1455 2828 1519 2881 (et
1543 2828 1567 2878 ζ
1589 2827 1641 2870 cl.
1662 2827 1825 2882 C'utal.)

167 2887 222 2927 20
255 2884 557 2940 parricidalia
588 2888 668 2927 An
761 2890 813 2928 21
850 2887 896 2929 et
927 2899 1010 2930 om.
1041 2888 1087 2930 Γ
1166 2890 1220 2929 22
1253 2886 1303 2929 in
1335 2900 1416 2930 om.
1445 2888 1483 2929 Δ
1571 2889 1625 2928 23
1658 2887 1854 2930 matrem

166 2957 248 2987 om.
279 2945 325 2987 Γ
