2038 3162
591 132 893 178 APPENDIX
925 132 1379 178 PRAEFATIONIS.
1734 132 1835 177 LIX

142 269 394 312 cernuntur
415 272 500 312 Na
562 279 605 312 20
628 281 838 312 crescens
862 266 1110 326 (lumine)
1137 271 1177 310 Π
1236 279 1278 311 21
1302 266 1419 311 facit
1439 267 1543 312 hab.
1567 271 1651 311 Ra
1675 269 1748 324 (τ.
1765 266 1834 323 Δ’)

141 327 379 385 sasamon]
410 326 616 371 famosas
647 331 687 370 Π
747 339 791 372 23
822 325 981 371 clodos
1009 341 1045 370 α
1077 329 1151 384 (=
1167 327 1228 381 Π)
1289 326 1479 383 paralit.
1503 331 1543 370 N
1572 325 1771 382 paralet.
1797 341 1833 370 α

140 398 185 431 3ο
215 386 559 444 oligochronios
588 387 690 431 hab.
716 401 752 430 α
785 389 858 443 (=
874 385 942 442 A')
989 385 1345 443 oligochraneos
1376 390 1416 428 R
1536 385 1626 430 217
1646 398 1666 430 2
1702 399 1833 442 pere-

139 444 229 489 mit
257 450 296 489 N
327 448 400 503 (=
418 447 512 502 PB)
589 457 610 490 5
641 445 795 491 ionem
825 446 926 490 hab.
951 449 1036 489 Na
1068 448 1141 502 (=
1158 444 1227 500 A')
1305 458 1348 490 1ο
1378 447 1609 502 quaeque]
1643 459 1760 500 quae
1793 449 1832 488 N

140 518 181 548 11
214 505 340 549 omni
370 509 410 548 R
471 518 514 550 18
544 506 693 562 patet]
725 505 879 561 patrie
910 519 947 548 α
1008 517 1052 549 24
1083 504 1291 549 sobolem
1321 509 1405 548 Na
1467 517 1510 549 28
1543 518 1598 548 ex
1628 505 1831 548 hab.Na

138 566 211 620 (=
228 563 297 620 A‘)
417 563 547 609 2182
578 564 829 608 facultates
860 563 1031 608 nimias
1060 564 1164 609 hab.
1189 565 1241 621 α]
1274 563 1582 608 facultatibus
1614 563 1762 607 nimia
1792 567 1832 606 N

137 635 158 668 8
189 623 361 668 multos
387 623 485 668 dec.
509 624 707 668 honores
731 628 770 666 Π
832 637 872 668 11
906 623 1099 667 deorum
1128 627 1213 668 Na
1260 622 1529 668 saturni...
1555 622 1770 679 pulsetur
1791 627 1831 665 N

138 694 180 726 12
211 683 269 726 he
301 682 554 727 felicitates
587 698 623 727 α
721 696 765 727 18
795 682 1025 740 sacrilego
1055 687 1095 725 N
1126 684 1202 727 im.
1228 699 1263 727 α
1294 686 1367 740 (=
1385 682 1470 740 A')]
1519 681 1678 738 aliquo
1709 686 1748 725 R
1779 683 1831 726 in

135 747 263 786 textu
323 742 405 798 qui
436 757 519 787 om.
544 747 628 786 Na
653 746 725 800 (=
742 741 811 798 A')
889 754 931 787 19
962 744 1121 786 tamen
1151 756 1234 786 om.
1261 758 1296 786 α
1329 744 1402 799 (=
1419 744 1472 798 A)
1534 741 1830 786 commenda-

135 802 209 844 tas
232 802 334 846 hab.
351 817 387 846 α
411 805 484 859 (=
500 801 585 859 A')]
618 802 904 846 condonatas
928 806 968 844 N
1043 814 1086 846 2ο
1118 815 1146 845 a
1171 800 1276 846 Sole
1294 828 1352 835 —
1367 801 1667 858 Mercurium]
1700 801 1767 845 sic
1790 805 1830 844 N

136 873 176 904 21
215 860 492 918 publicanos
523 866 563 904 Π
683 874 726 906 22
765 860 838 905 vel
876 875 961 906 om.
986 876 1022 905 α
1055 864 1128 918 (=
1144 861 1212 917 A')
1245 862 1347 907 hab.
1371 865 1411 904 N
1502 875 1557 904 ex
1590 860 1759 916 quibus
1792 876 1827 904 α

136 923 208 977 (=
226 922 295 978 A)]
329 923 377 964 et
408 920 490 976 qui
520 925 560 963 N
622 933 665 965 24
694 921 819 965 uires
849 925 933 964 Na
989 933 1031 965 26
1061 920 1251 978 trigona
1280 925 1320 963 N
1388 933 1430 965 31
1463 919 1645 964 artibus
1676 924 1715 962 Π
1759 920 1829 963 111-

134 979 414 1024 haerescunt
444 995 479 1024 a
512 983 584 1037 (=
602 980 688 1038 A'>]
721 982 875 1024 -scant
898 984 937 1023 N
997 979 1130 1024 2193
1161 981 1202 1023 A
1234 979 1331 1024 sole
1362 979 1475 1023 luna
1507 980 1545 1023 si
1578 979 1628 1022 in
1660 979 1829 1023 diurna

134 1039 352 1096 genitura
392 1039 452 1083 ad
492 1042 735 1084 saturnum
766 1039 956 1095 feratur,
997 1041 1118 1096 patr.
1142 1044 1182 1082 N
1227 1040 1268 1082 A
1299 1039 1397 1084 sole
1428 1038 1542 1083 luna
1574 1039 1614 1083 si
1646 1039 1707 1082 ad
1739 1041 1825 1082 sat.

133 1098 215 1142 fer.
250 1100 297 1143 et
328 1099 391 1142 sit
422 1099 465 1142 d.
491 1114 552 1156 gn,
583 1102 704 1156 patr.
730 1114 764 1143 α
850 1112 868 1143 7
901 1099 1216 1143 substantiam
1247 1098 1531 1143 facultatum
1561 1103 1600 1141 N
1633 1101 1684 1155 (a
1702 1121 1758 1135 =
1778 1100 1826 1154 Q)

134 1170 176 1202 10
209 1172 237 1201 a
270 1157 376 1202 Sole
407 1173 491 1203 om.
517 1163 602 1202 Na
665 1158 843 1203 defl.—
869 1161 973 1215 sat]
1007 1158 1075 1202 sic
1105 1163 1144 1201 N
1205 1172 1246 1203 11
1280 1158 1506 1202 orbitates
1540 1157 1748 1202 decernit
1780 1161 1827 1202 et

132 1221 215 1261 Na
247 1220 319 1274 (=
337 1217 406 1273 A')
535 1231 577 1263 12
617 1218 842 1275 decernit]
882 1217 1052 1262 tribuit
1081 1222 1121 1260 N
1251 1231 1291 1262 17
1331 1217 1576 1262 felicitatis
1613 1219 1715 1262 hab.
1741 1222 1826 1261 Na

134 1279 205 1333 (=
223 1276 291 1333 A')
353 1290 396 1322 2ο
428 1277 635 1322 defluens
667 1277 850 1337 (luna)
882 1282 922 1320 N
987 1290 1027 1321 21
1059 1277 1313 1322 facultates
1346 1280 1393 1321 et
1462 1290 1506 1322 24
1535 1279 1756 1334 provectu
1787 1281 1827 1320 Π

131 1337 182 1379 in
213 1339 353 1394 textu]
377 1336 591 1394 profectu
614 1341 653 1380 R
678 1339 752 1381 im.
773 1352 808 1381 α
871 1349 912 1381 25
943 1337 1179 1380 bonitates
1203 1341 1243 1380 Ν
1274 1337 1422 1381 bonas
1446 1352 1481 1380 α
1506 1339 1579 1394 (=
1597 1336 1666 1392 A')
1718 1336 1825 1380 sub-

133 1394 243 1439 sidii
267 1399 315 1439 et
339 1395 581 1440 facultatis
605 1397 895 1440 incrementa
918 1401 957 1439 N
989 1396 1081 1439 sibi
1106 1396 1306 1440 subsidii
1329 1396 1578 1440 facultates
1603 1411 1638 1440 α
1701 1409 1743 1440 27
1777 1396 1826 1439 Si

132 1467 160 1496 a
184 1469 218 1499 s.
245 1454 348 1499 defi.
373 1455 403 1499 l.
430 1455 609 1499 feratur
638 1461 678 1499 N
708 1456 749 1499 A
773 1471 806 1500 s.
834 1455 873 1499 si
899 1455 1003 1499 defl.
1028 1455 1057 1499 l.
1084 1455 1115 1499 f.
1141 1471 1178 1499 a
1247 1455 1378 1500 2202
1409 1456 1492 1512 qui
1522 1454 1660 1515 (sic)
1722 1468 1745 1499 4
1775 1455 1824 1499 111

130 1514 283 1570 prima
314 1530 350 1559 α
390 1518 462 1572 (=
481 1515 564 1573 A'>]
599 1515 820 1572 deprimit
850 1520 889 1558 N
929 1517 1108 1573 (omisso
1139 1515 1345 1572 perimit)
1437 1529 1480 1560 10
1510 1515 1823 1572 militiamque

129 1575 230 1618 hab.
256 1578 340 1618 Na
373 1578 444 1632 (=
462 1577 530 1630 A')
659 1583 761 1627 10s11
793 1574 1019 1632 gloriosos
1051 1575 1196 1619 faciet
1226 1579 1265 1618 N
1358 1577 1406 1619 et
1435 1576 1536 1619 hab.
1562 1579 1647 1618 Na
1680 1578 1752 1632 (=
1773 1576 1823 1630 Q.)

131 1645 173 1677 13
205 1633 306 1678 sine
330 1660 387 1666 —
413 1634 595 1692 stellae]
635 1649 720 1680 om.
745 1639 784 1677 N
816 1634 917 1678 sine
949 1634 1148 1678 alicuius
1187 1634 1309 1678 bone
1340 1634 1474 1678 stelle
1507 1650 1542 1678 α
1635 1645 1677 1678 15
1709 1633 1823 1678 vali-

129 1692 409 1749 tudinesque
441 1698 524 1738 Na
618 1707 659 1738 18
691 1694 964 1738 deterantur
995 1695 1046 1751 a]
1096 1694 1406 1738 decernantur
1435 1699 1474 1736 N
1566 1705 1607 1737 25
1646 1695 1821 1751 tamen]

130 1754 287 1796 autem
325 1758 407 1797 Na
499 1766 541 1798 26
581 1767 813 1798 armorum
845 1769 880 1797 α
928 1767 1138 1797 amorum
1169 1758 1208 1796 N
1307 1766 1349 1798 28
1389 1755 1436 1797 et
1466 1754 1621 1810 prius]
1671 1755 1753 1796 aut
1783 1758 1822 1795 N

129 1824 338 1855 amorum
369 1813 469 1857 hab.
496 1817 579 1856 Na
613 1816 685 1870 (=
705 1815 754 1869 Q)
873 1825 915 1857 29
954 1812 1191 1857 subleuati
1221 1817 1261 1855 N
1299 1815 1350 1857 in
1389 1814 1530 1869 teoetu]
1572 1811 1751 1855 subditi
1783 1817 1822 1855 N

129 1871 203 1914 im.
231 1887 266 1915 α
328 1872 454 1929 grati
484 1887 520 1916 α
553 1875 626 1930 (=
644 1872 728 1930 Δ’)]
760 1874 919 1930 gratos
951 1876 990 1915 N
1050 1886 1272 1916 uenereos
1304 1877 1388 1916 Na
1477 1871 1568 1916 221
1587 1885 1605 1915 1
1639 1871 1821 1931 (luna)

127 1929 304 1974 lumine
327 1932 511 1975 minuta
541 1936 581 1974 N
640 1945 663 1976 4
695 1935 777 1976 aut
807 1931 1002 1992 (enim)
1033 1936 1072 1974 N
1117 1927 1314 1976 tortores
1345 1936 1430 1975 Na
1491 1943 1511 1976 5
1544 1933 1627 1974 aut
1656 1932 1759 1975 hab.
1785 1947 1820 1975 α

129 1993 200 2046 (=
218 1991 286 2045 A')
318 2004 402 2035 om.
427 1995 467 2033 R
528 1991 733 2035 colorum
764 1996 847 2036 Na
880 1995 952 2048 (=
970 1989 1039 2046 A')
1125 2004 1144 2035 e
1175 1991 1327 2035 forma
1358 1990 1548 2047 capalas
1580 1995 1619 2033 N
1650 1990 1821 2034 farma-

128 2049 320 2105 copulas
353 2066 388 2094 a
466 2063 507 2094 13
539 2051 664 2094 thori
696 2056 779 2095 Na
857 2064 899 2095 14
931 2051 1139 2107 sortitur]
1174 2051 1305 2094 ducit
1335 2055 1375 2093 N
1448 2063 1487 2094 17
1520 2050 1704 2093 minuta
1734 2065 1817 2094 om.

126 2108 204 2152 sed
230 2115 336 2164 post
366 2109 544 2153 feratur
574 2112 736 2155 inserit
765 2110 948 2153 minuta
979 2110 1156 2154 lumine
1187 2114 1226 2152 N
1305 2122 1347 2154 18
1378 2111 1529 2166 notos]
1563 2109 1749 2153 innatos
1781 2114 1820 2152 N

127 2181 210 2211 om.
236 2183 271 2211 α
345 2181 386 2213 21
420 2169 679 2213 deiectione
711 2171 811 2214 hab.
838 2174 877 2211 N
909 2169 982 2226 (.9)]
1017 2169 1278 2213 defectione
1311 2185 1347 2213 α
1424 2181 1466 2213 25
1499 2169 1702 2225 corporis
1734 2173 1818 2212 Na

128 2226 336 2271 defluens
376 2228 556 2315 (11111αέ
587 2234 671 2272 Na
771 2241 812 2273 27
851 2228 1211 2272 hermofroditos
1243 2233 1326 2272 Na
1426 2240 1469 2273 29
1509 2227 1819 2285 oligochronii

125 2286 226 2330 hab.
245 2291 284 2328 N
308 2287 377 2330 -ni
401 2303 436 2332 α
516 2286 609 2331 ...22
628 2302 644 2332 1
679 2288 885 2332 defluens
911 2287 1093 2346 (luna)
1118 2292 1201 2331 Na
1269 2300 1288 2331 2
1319 2287 1438 2331 facit
1468 2287 1550 2332 uit.
1578 2286 1757 2331 debiles
1780 2292 1819 2329 N

128 2357 148 2389 6
180 2347 263 2389 aut
291 2347 393 2391 hab.
420 2362 455 2390 α
487 2349 559 2403 (=
577 2347 645 2402 A')
678 2363 761 2392 om.
787 2352 826 2390 N
905 2360 924 2391 7
957 2346 1150 2390 lacunas
1181 2348 1282 2391 hab.
1308 2349 1360 2404 a]
1394 2361 1561 2391 concas
1592 2351 1632 2389 Π
1694 2346 1817 2390 cloa-

127 2418 296 2461 casque
321 2408 373 2463 α]
399 2406 672 2463 cocleasque
696 2412 735 2449 N
788 2419 809 2451 8
834 2406 1038 2451 ortulani
1062 2411 1146 2450 Na
1202 2419 1244 2451 10
1268 2409 1452 2450 mutata.
1475 2411 1560 2450 Na
1608 2420 1648 2450 11
1675 2419 1817 2462 equa-

124 2463 218 2507 rios
250 2466 352 2509 hab.
378 2468 430 2522 α]
464 2465 719 2522 equitarios
750 2471 790 2509 N
867 2479 908 2510 13
939 2465 1214 2522 plerumque
1246 2466 1362 2509 facit
1393 2470 1475 2509 Na
1537 2464 1706 2524 (esse)
1739 2479 1817 2509 cu-

127 2523 283 2567 stodes
315 2529 354 2566 R
416 2528 556 2582 certe]
589 2526 685 2569 late
717 2530 755 2567 N
787 2525 910 2569 lacte
942 2541 977 2569 α
1045 2524 1332 2581 polinatores
1363 2530 1403 2567 Ν
1435 2528 1507 2582 (=
1525 2527 1584 2580 M)
1662 2538 1704 2569 20
1736 2539 1816 2568 no·

127 2581 244 2625 biles
276 2585 323 2626 et
355 2599 390 2627 α
439 2587 486 2628 et
516 2599 599 2629 om.
625 2589 663 2627 N
731 2584 875 2628 faciet
912 2588 951 2626 N
1042 2597 1084 2628 23
1125 2584 1173 2627 Si
1204 2599 1311 2628 vero
1353 2585 1415 2628 sit
1447 2584 1557 2628 min.
1582 2584 1708 2638 lum.‚
1757 2584 1815 2627 de

125 2641 399 2686 mulieribus
430 2648 470 2686 N
501 2643 789 2700 (mulieribus
821 2650 863 2689 et
893 2659 928 2687 α
961 2658 1076 2699 quae
1106 2658 1189 2688 om.
1215 2644 1442 2700 personis)
1505 2656 1547 2688 26
1578 2643 1747 2698 quibus
1779 2659 1815 2687 α

127 2703 198 2756 (=
218 2703 284 2757 Q)]
317 2703 370 2744 ut
400 2707 438 2744 N
500 2717 528 2746 a
559 2718 643 2748 om.
668 2708 751 2747 Na
844 2715 885 2747 27
918 2703 1185 2747 conseratur
1216 2718 1250 2746 α
1284 2707 1355 2760 (=
1375 2701 1522 2759 Q·A')]
1564 2704 1747 2745 ·rantur
1776 2707 1815 2744 N

127 2762 302 2815 (=PB)
365 2760 488 2805 2231
515 2762 624 2819 alijs
647 2767 730 2806 Na
793 2774 813 2805 8
839 2762 1013 2806 crimen
1037 2767 1120 2805 Na
1183 2775 1225 2805 10
1257 2761 1472 2806 facit-Na
1527 2761 1754 2817 expoliari
1778 2777 1813 2805 α

126 2822 198 2875 (=
212 2818 296 2876 A‘)]
322 2821 493 2876 expelli
516 2826 555 2864 N
617 2835 656 2865 11
682 2835 821 2865 onere
837 2826 919 2864 Na
948 2824 954 2878 Ι
985 2824 1033 2864 et
1056 2821 1294 2877 signorum
1319 2835 1401 2866 om.
1420 2826 1504 2864 Na
1567 2833 1608 2864 13
1638 2820 1816 2864 feratur

125 2877 186 2920 ad
210 2880 406 2923 martem
422 2884 505 2924 Na
568 2893 608 2924 17
632 2880 749 2924 facit
763 2885 846 2923 Na
909 2893 950 2925 19
974 2881 1022 2923 111
1046 2894 1127 2925 sec.
1150 2895 1230 2925 om.
1251 2885 1333 2923 Na
1389 2893 1429 2923 21
1454 2879 1611 2939 <Nam
1673 2880 1712 2923 si
1729 2884 1811 2923 Na

125 2948 167 2981 28
198 2937 348 2993 primo
380 2938 508 2983 uit-ae
539 2953 676 2984 cursu
706 2941 806 2984 hab.
833 2944 915 2984 Na
948 2943 1020 2998 (=
1038 2938 1106 2995 A')
1228 2938 1322 2984 224
1342 2953 1359 2983 1
1392 2939 1505 2983 luna
1538 2939 1592 2982 de
1629 2952 1742 2983 uens
1774 2944 1812 2981 N
