2078 3174
153 385 225 438 84

154 742 223 807 85

246 118 271 168 1
283 116 350 168 72
974 115 1203 160 FIRMICI

244 236 348 289 Sed
392 237 482 290 hic
524 236 664 289 idem
705 237 757 288 in
799 236 983 289 eodem
1022 236 1255 289 facinore
1295 256 1359 290 ex
1397 239 1498 290 ista
1538 240 1811 290 stellarum
1852 256 1932 290 so-

244 312 434 364 cietate
474 310 726 378 detectUS,
766 328 946 363 severa
985 311 1440 364 animadversione
1480 313 1788 381 percutitur.

355 383 411 436 Si
450 385 506 436 in
544 383 633 436 XI.
675 383 741 436 ab
780 385 1077 453 horoscopo
1116 384 1235 438 loco
1271 385 1564 438 Mercurius
1605 389 1658 437 et
1687 384 1840 438 Luna
1878 389 1932 437 et

242 458 424 511 Venus
464 459 663 527 pariter
701 458 901 510 fuerint
941 459 1203 528 collocati,
1243 463 1297 512 et
1337 460 1406 512 sit
1445 459 1685 513 feminini
1721 460 1932 528 generis

243 533 479 603 signum,
524 532 648 600 (et)
687 532 831 584 Mars
879 550 967 584 eos
1016 532 1279 602 trigonica
1325 533 1620 586 radiatione
1666 534 1931 602 respiciat,
1978 554 2000 587 ⁵

241 607 473 659 musicos
524 607 744 673 faciunt,
797 608 887 674 qui
937 606 1084 674 lyrae
1133 607 1219 659 vel
1270 607 1501 660 citharae
1551 625 1742 660 nervos
1790 607 1931 660 dulci

242 699 449 748 semper
485 680 850 732 modulatione
889 680 1202 749 percutiant.

354 753 411 806 Si
459 754 516 806 in
566 755 867 822 horoscopo
917 754 1210 807 Mercurius
1263 759 1314 806 et
1359 755 1503 807 Mars
1554 759 1607 808 et
1645 755 1828 808 Venus
1879 758 1933 807 et

240 828 393 879 Luna
444 828 605 880 simul
653 829 854 880 fuerint
905 828 1174 896 collocati,
1224 828 1308 881 vel
1358 828 1413 881 in
1461 828 1601 899 MC,
1652 831 1931 882 saltatores

241 903 603 971 pantomimos
628 903 862 955 efficient
893 902 1066 972 gratia
1097 902 1389 955 venustatis
1430 907 1659 955 ornatos,
1724 901 1931 955 sivero
1957 925 2001 956 ιο

240 976 341 1028 hos
388 975 632 1044 Iuppiter
679 977 755 1028 sic
807 978 1097 1030 collocatos
1135 995 1392 1045 prospera
1438 978 1732 1030 radiatione
1771 978 1934 1046 respi-

62 1062 197 1104 f01-82r
210 1066 254 1096 H
275 1050 397 1117 ciat,
446 1050 530 1101 his
581 1050 713 1119 ipsis
763 1050 991 1120 gloriam
1043 1068 1106 1102 ex
1154 1052 1403 1120 populari
1449 1052 1646 1104 iudicio
1691 1052 1933 1121 largitur,

93 1273 221 1363 ,86

155 1866 219 1916 87

153 2160 221 2213 88

240 1125 552 1193 praesertim
601 1124 647 1176 si
699 1125 815 1176 istis
868 1124 944 1177 sic
989 1125 1181 1193 positis
1229 1125 1490 1177 Saturnus
1537 1125 1737 1178 bonum
1787 1126 1934 1178 testi-

240 1198 478 1250 monium
520 1197 884 1251 commodarit.

354 1271 411 1325 Si
449 1273 506 1324 in
543 1271 635 1324 XI.
675 1272 741 1324 ab
783 1271 1083 1340 horoscopo
1134 1273 1254 1325 1000
1294 1273 1446 1325 Luna
1485 1292 1606 1326 cum
1649 1271 1771 1324 Sole
1811 1291 1934 1340 syn·
1959 1293 2001 1326 15

242 1347 392 1398 odica
437 1346 601 1399 fuerit
647 1346 887 1415 inventa,
938 1350 991 1398 et
1038 1364 1154 1399 cum
1203 1347 1287 1398 his
1337 1347 1408 1398 sit
1446 1346 1689 1415 Iuppiter
1735 1347 1933 1414 pariter

241 1421 580 1490 constitutuS,
619 1421 977 1489 horoscopum
1012 1439 1136 1472 vero
1171 1419 1431 1474 Saturnus
1465 1425 1518 1473 et
1548 1421 1692 1472 Mars
1725 1420 1934 1473 diversa

241 1494 536 1546 radiatione
586 1494 887 1563 respiciant,
937 1496 1040 1560 [ut]
1090 1514 1227 1547 unus
1275 1495 1338 1548 de
1386 1496 1644 1563 quadrato
1692 1495 1828 1546 alius
1869 1494 1933 1546 de

243 1569 523 1636 diametro,
578 1572 631 1620 et
679 1587 817 1620 unus
866 1569 1103 1637 ipsorum
1154 1569 1209 1620 id
1259 1573 1340 1622 est
1391 1573 1482 1621 aut
1533 1568 1793 1621 Saturnus
1841 1572 1934 1620 aut

240 1642 385 1694 Mars
425 1642 481 1694 in
522 1643 898 1710 aequinoctiali
931 1644 1001 1695 sit
1034 1643 1188 1712 signo
1223 1643 1560 1708 constitutus»,
1600 1642 1932 1711 elephantiae
1957 1663 2002 1694 20

240 1716 457 1785 longam
498 1719 551 1768 et
591 1716 898 1768 diuturnam
938 1717 1323 1787 aegritudinem
1363 1735 1532 1785 usque
1572 1717 1638 1768 ad
1677 1718 1815 1769 diem
1848 1716 1932 1767 de-

242 1793 466 1844 cernunt
504 1791 754 1842 ultimum
793 1792 947 1842 vitae.

355 1863 413 1916 Si
450 1864 508 1916 in
545 1867 695 1932 parte
726 1863 952 1932 Aquarii
990 1865 1265 1917 humiliter
1302 1866 1339 1932 †
1358 1864 1617 1917 Saturnus
1657 1867 1749 1916 aut
1780 1864 1934 1916 Luna

242 1939 599 1990 constituatur
638 1942 730 1990 aut
760 1938 918 2007 MarS,
958 1942 1011 1991 et
1048 1938 1186 1991 hanc
1226 1939 1445 1991 eandem
1483 1942 1688 2008 partem
1727 1939 1790 1990 de
1827 1938 1932 1989 dia-

239 2015 410 2064 metro
454 2011 714 2065 Saturnus
755 2013 998 2081 aspiciat,
1046 2014 1187 2066 filios
1234 2013 1396 2066 faciet
1434 2031 1465 2064 a
1503 2012 1815 2081 parentibus
1856 2030 1932 2063 se-
1955 2033 1997 2065 25

238 2104 431 2155 parari.

354 2158 411 2211 Si
458 2159 610 2213 Luna
655 2160 709 2212 in
757 2160 918 2213 Tauri
964 2161 1187 2228 pedibus
1234 2160 1395 2213 fuerit
1441 2161 1679 2228 inventa,
1733 2162 1825 2211 aut
1875 2159 1932 2210 in

240 2234 438 2286 nebula
473 2233 677 2302 Cancri,
716 2238 808 2286 aut
847 2235 903 2286 in
942 2235 1068 2286 iuba
1097 2235 1308 2303 LeoniS,
1347 2238 1439 2286 aut
1478 2235 1535 2286 in
1572 2235 1747 2286 fronte
1781 2233 1930 2285 Scor-

241 2308 433 2376 pioniS,
484 2308 549 2359 ab
591 2307 736 2360 VIII.
785 2308 988 2361 scilicet
1033 2311 1183 2377 parte
1230 2327 1398 2376 usque
1445 2309 1510 2359 ad
1549 2307 1629 2377 X.,
1674 2306 1836 2376 (aut)
1874 2308 1931 2358 in

363 2443 383 2480 1
419 2437 496 2482 hic
527 2437 653 2481 idem
686 2438 766 2495 κσ]
798 2438 870 2480 his
903 2438 1071 2482 iisdem
1221 2444 1247 2482 4
1281 2438 1462 2495 generis
1495 2439 1543 2496 v]
1584 2437 1738 2482 cancri
1772 2454 1805 2479 ω
1837 2438 1931 2480 nisi

242 2498 361 2552 quod
394 2497 573 2540 cancris
598 2501 630 2539 B
753 2502 777 2539 5
812 2498 915 2540 add.
944 2513 971 2539 a.
1093 2502 1117 2540 6
1152 2497 1358 2541 citharae
1390 2511 1551 2542 nervos
1578 2498 1621 2556 σ]
1653 2498 1928 2540 herenervos

245 2558 290 2598 Γ
317 2569 556 2599 erenervos
580 2560 619 2597 N
651 2569 756 2600 aere
781 2569 942 2599 nervos
967 2562 1002 2598 Ι)
1127 2562 1177 2600 11
1213 2556 1278 2600 sic
1302 2557 1479 2612 Iupiter
1503 2559 1542 2600 Δ
1668 2560 1720 2599 16
1753 2554 1930 2610 Iupiter

240 2615 454 2658 inventus
498 2614 764 2670 pariterque
808 2615 1087 2658 constitutus
1127 2619 1166 2658 Δ
1212 2616 1416 2671 (inventa
1447 2631 1529 2660 om.
1555 2619 1594 2657 N
1625 2616 1724 2658 hab.
1757 2616 1809 2670 D)

244 2678 296 2716 18
331 2674 412 2718 del.
448 2688 472 2717 σ
512 2674 558 2716 id
594 2675 665 2716 est
696 2692 722 2717 κ
852 2679 903 2717 21
940 2676 987 2717 et
1017 2675 1065 2732 v]
1099 2676 1180 2717 aut
1308 2679 1362 2717 23
1395 2675 1443 2717 in
1475 2673 1678 2730 Aquario
1710 2671 1927 2715 humilia-

240 2735 316 2774 tur
347 2735 386 2775 A
447 2736 453 2789 Ι
510 2733 768 2790 humiliter]
801 2733 994 2775 humida
1025 2735 1092 2777 vel
1122 2732 1289 2776 ultima
1320 2750 1347 2776 κ
1405 2736 1411 2790 Ι
1467 2735 1547 2777 hoc
1578 2735 1671 2776 loco
1703 2732 1928 2775 Saturnus

241 2792 429 2844 offendit
470 2806 565 2835 ‘non
604 2794 631 2835 I.
667 2797 736 2846 25,
779 2794 996 2848 quoniam
1026 2794 1264 2848 Aquarius
1306 2794 1586 2837 domicilium
1630 2797 1692 2835 est
1733 2790 1929 2835 Saturni

242 2852 293 2892 in
331 2865 416 2905 quo
463 2852 630 2908 gaudet
687 2862 693 2868 ’
810 2855 865 2893 25
898 2851 1123 2894 Saturnus
1164 2851 1363 2907 aspiciat
1402 2852 1458 2894 de
1498 2851 1726 2893 diametro
1767 2851 1805 2892 A

243 2913 295 2951 27
329 2909 526 2964 pedibus
561 2910 601 2966 σ]
637 2910 899 2965 pleiadibus
935 2912 981 2953 Γ
1017 2910 1253 2966 pliadibus
1286 2913 1325 2952 A
1450 2915 1503 2953 29
1539 2910 1642 2953 add.
1676 2912 1700 2960 ζ
