2090 3198
767 131 875 175 V111
907 135 978 186 27,
1003 135 1156 186 7—28‚
1181 143 1214 175 2.
1730 131 1838 183 343

257 252 315 306 Si
361 270 485 306 vero
533 253 589 305 in
638 255 874 305 extrema
914 251 1057 304 linea
1104 250 1406 321 Sagittarii,
1452 251 1509 304 id
1554 255 1637 304 est
1682 269 1841 320 super
1860 253 1925 305 11

147 327 383 395 caudam,
420 327 584 379 fuerit
614 326 934 394 (inventus)
963 325 1314 394 horoscopuS,
1344 325 1501 396 figuli
1530 329 1839 395 nascentur3

145 403 191 453 si
237 419 362 454 vero
410 400 548 452 infra
594 400 838 470 caudam,
891 403 1055 453 erunt
1091 399 1331 452 unioculi
1381 399 1549 452 strabi
1595 417 1839 452 cursores

144 475 483 543 velocissimi,
538 474 724 527 alienis
780 492 990 542 semper
1041 473 1400 542 potestatibus
1451 473 1740 544 subiugati,
1786 478 1841 527 et

89 570 122 603 ·5
146 548 592 618 inquietabuntur
638 548 910 618 sanguine.
988 546 1280 601 Habebunt
1322 546 1587 616 prolixam
1632 547 1839 611 faciem,

146 626 200 675 et
236 622 535 675 morientur
573 641 604 674 a
643 621 999 691 quadrupede.

253 695 317 749 In
363 696 549 748 dextra
595 700 748 766 parte
788 694 1066 767 Sagittarii
1107 695 1279 748 oritur
1314 695 1499 747 navis
1537 694 1733 765 ArgO,
1779 695 1839 747 in
1860 696 1929 748 12

145 771 363 824 sinistra
396 769 598 823 Canis.
669 770 1001 839 Quicumque
1040 770 1222 838 itaque
1257 769 1315 822 in
1352 770 1470 838 ipsa
1509 772 1632 823 navi
1669 770 1838 822 habu-

144 844 284 897 erint
330 846 702 913 horoscopum,
754 846 912 897 erunt
956 843 1193 896 naucleri
1241 843 1629 913 gubernatores
1677 861 1840 914 nego-

78 940 120 972 10
144 920 381 986 tiatores,
420 919 513 971 sed
552 920 645 988 qui
685 918 751 971 ad
791 917 1119 971 occidentem
1151 918 1423 988 navigent.
1478 916 1584 971 Sed
1615 918 1662 970 si
1692 917 1838 970 Mars

143 992 286 1045 hune
333 993 558 1046 eundem
603 995 782 1045 locum
828 992 1037 1059 viderit,
1082 994 1411 1044 revertentes
1462 993 1529 1044 ad
1580 993 1839 1045 orientem

143 1085 176 1118 a
212 1067 402 1135 piratis
442 1067 844 1120 interficientur.
920 1064 986 1118 In
1018 1065 1159 1118 Cane
1199 1066 1522 1135 quicumque
1552 1066 1840 1118 habuerint
1860 1068 1928 1120 13

142 1140 520 1224 horoscopum,
552 1145 709 1194 erunt
738 1140 967 1210 litigiosi
999 1141 1234 1193 clamosi
1298 1138 1357 1192 Si
1388 1159 1513 1192 vero
1541 1139 1838 1193 Mercurius

143 1215 201 1266 in
239 1215 358 1284 ipso
397 1215 518 1267 loco
557 1215 722 1268 fuerit
760 1214 1032 1283 inventus,
1076 1218 1232 1267 erunt
1270 1215 1516 1267 advocati
1555 1214 1748 1283 optimi
1787 1218 1840 1266 et

77 1309 118 1342 15
144 1289 302 1342 amici
340 1307 542 1360 regum.
622 1288 726 1351 Qui
770 1306 896 1341 vero
944 1289 1002 1341 in
1049 1306 1140 1341 ore
1181 1287 1340 1341 Canis
1387 1288 1636 1341 habuerit
1682 1289 1838 1341 horo-

144 1381 388 1447 scopum,
401 1334 528 1416 uerit
579 1363 725 1432 turpi
770 1363 883 1415 vita
930 1363 1210 1431 inquinato
1260 1381 1372 1432 ore,
1427 1363 1518 1415 sed
1565 1363 1841 1416 affluentia

146 1438 267 1489 vani
309 1439 568 1490 sermonis
608 1438 840 1490 inflatus.

547 1583 798 1638 XXVIII.
848 1584 914 1654 [C
923 1583 1428 1654 APRICORNUS]

255 1686 319 1740 In
357 1690 530 1757 prima
568 1692 719 1758 parte
753 1688 1066 1758 Capricorni
1100 1690 1423 1758 quicumque
1459 1689 1708 1742 habuerit
1746 1689 1839 1741 ho·
1860 1692 1885 1742 1

78 1785 121 1817 20
145 1780 445 1832 roscopum,
484 1763 585 1816 erit
624 1781 718 1815 rex
756 1763 1063 1831 imperator.
1126 1762 1191 1815 In
1228 1761 1294 1816 H.
1334 1767 1487 1832 parte
1528 1762 1839 1832 Capricorni

146 1837 468 1906 quicumque
491 1837 779 1890 habuerint
803 1837 1182 1907 horoscopum,
1207 1840 1364 1890 erunt
1387 1837 1563 1907 campi
1580 1838 1839 1906 doctoreS,

146 1915 199 1963 et
239 1911 433 1979 quibus
481 1911 761 1981 dispositio
811 1913 1182 1964 committatur
1219 1911 1562 1981 proeliorum.
1642 1911 1745 1964 Sed
1782 1913 1840 1964 hi

144 1984 458 2038 biothanata
495 1988 669 2038 morte
706 1986 1020 2038 morientur.
1097 1984 1162 2038 In
1201 1984 1293 2038 III.
1332 1988 1485 2054 parte
1527 1984 1841 2055 Capricorni

147 2058 468 2127 quicumque
498 2059 784 2111 habuerint
816 2060 1192 2129 horoscopum,
1225 2061 1269 2112 si
1293 2059 1438 2112 Mars
1470 2060 1526 2111 in
1550 2061 1666 2128 ipsa
1690 2064 1840 2128 parte

80 2153 121 2186 25
146 2132 309 2185 fuerit
361 2134 625 2201 inventus,
678 2133 833 2186 Luna
886 2151 1012 2186 vero
1068 2151 1187 2185 cum
1245 2152 1306 2186 eo
1364 2136 1638 2202 collocata,
1686 2138 1840 2187 erunt

148 2206 328 2275 magni
376 2210 621 2275 potentes
669 2210 722 2259 et
771 2206 1031 2260 habentes
1073 2207 1359 2260 maximam
1404 2207 1570 2279 gladii
1608 2211 1839 2277 potesta·

148 2284 272 2349 tem,
312 2280 403 2332 sed
444 2282 537 2350 qui
575 2281 771 2333 iudicia
811 2300 991 2335 severe
1032 2285 1084 2334 et
1125 2281 1409 2334 crudeliter
1450 2300 1658 2350 semper
1695 2301 1838 2335 exer-

149 2358 313 2406 ceant.
392 2354 568 2407 Erunt
621 2354 861 2408 crudeles
916 2355 1183 2425 ingeniosi
1238 2373 1448 2424 semper
1501 2356 1741 2424 audaceS,
1787 2360 1841 2408 et

150 2427 241 2496 qui
281 2429 482 2481 multos
522 2429 859 2482 interficiant.
932 2430 1107 2482 Erunt
1138 2430 1321 2500 magni
1361 2430 1624 2483 exercitus
1666 2430 1838 2499 duceS,

82 2523 126 2555 so
152 2502 243 2554 sed
283 2502 339 2554 in
379 2520 558 2572 pugna
597 2504 906 2556 morientur.
968 2502 1031 2555 In
1070 2502 1162 2555 IV.
1194 2507 1346 2573 parte
1378 2502 1694 2572 Capricorni
1727 2504 1890 2572 qui-2

268 2638 293 2675 2
320 2633 470 2676 cauda
499 2635 545 2676 Γ
581 2635 587 2688 Ι
630 2634 737 2677 add.
760 2638 799 2676 R
920 2638 946 2677 3
971 2634 1161 2678 unoculi
1184 2638 1222 2676 A
1263 2637 1271 2690 Ι
1313 2634 1508 2678 strambi
1532 2639 1613 2677 DG
1734 2639 1759 2677 6
1793 2637 1840 2678 et

147 2705 230 2735 om.
266 2694 305 2734 Δ
446 2696 468 2734 7
503 2692 627 2748 Argo
660 2693 721 2751 Δ]
754 2706 864 2749 ergo
900 2695 947 2737 Γ
1074 2697 1100 2736 9
1131 2692 1405 2736 navicularii
1437 2696 1477 2737 Δ
1618 2698 1671 2736 19
1706 2691 1838 2750 Capr.

148 2751 282 2805 parte
311 2753 364 2806 Γ,
397 2751 514 2794 idem
540 2755 595 2794 20
619 2752 742 2795 solus
766 2756 802 2793 G
936 2757 990 2795 21
1025 2752 1181 2809 campi
1209 2753 1274 2810 Γ]
1310 2752 1436 2795 cauti
1461 2755 1500 2796 Δ
1560 2754 1566 2809 Ι
1624 2753 1838 2796 ductores

149 2809 299 2851 An²n
450 2814 504 2852 22
538 2810 620 2853 sed
650 2809 918 2854 biothanati
948 2811 1205 2855 morientur
1235 2813 1275 2854 A
1430 2815 1486 2854 25
1518 2811 1734 2854 inventus
1771 2813 1836 2869 Γ]

149 2868 430 2911 constitutus
455 2871 494 2912 A
545 2871 551 2922 Ι
602 2882 706 2912 011111
737 2882 791 2912 eo
823 2883 906 2913 om.
935 2872 982 2913 Γ
1025 2873 1032 2924 Ι
1082 2870 1145 2913 sit
1176 2870 1402 2914 collocata
1426 2873 1450 2922 ζ
1568 2875 1623 2913 26
1657 2873 1702 2913 et
1731 2871 1837 2914 hab.

148 2940 266 2970 max.
301 2926 363 2983 gl.
392 2930 486 2983 pot.
514 2928 576 2985 A]
608 2941 727 2971 max.
754 2927 815 2985 gl.
841 2931 934 2984 pot.
960 2929 1067 2972 hab.
1093 2933 1131 2971 Δ
1162 2943 1282 2972 max.
1308 2929 1367 2986 gl.
1396 2931 1492 2985 pot.
1527 2929 1650 2986 (hab.
1676 2931 1779 2986 orm.)
1804 2934 1839 2971 G
