2084 3192
221 157 329 209 292
919 192 923 198 ,
953 154 1183 199 FIRMICI

133 278 203 331 10
333 276 714 346 Capricorni
753 279 929 344 partes
969 295 1067 345 per
1106 293 1261 327 omne
1302 294 1497 344 corpus
1537 279 1795 344 hactenus
1835 277 1909 328 di-

218 351 487 404 viduntur.
549 349 589 403 Ι.
631 354 684 402 et
722 349 790 403 H.
829 354 1007 419 partes
1049 350 1162 402 eius
1193 352 1249 402 in
1284 350 1531 403 cornibus
1564 353 1910 419 collocantur,

218 428 327 478 tres
368 428 647 494 sequentes
686 425 744 476 in
783 425 970 493 capite,
1001 423 1091 476 VI.
1125 426 1179 475 et
1210 422 1328 476 VII.
1360 426 1637 492 ponuntur
1674 425 1731 477 in
1761 426 1910 492 facie,

218 503 325 552 tres
375 502 655 567 sequentes
703 517 800 567 per
846 499 1086 551 ordinem
1133 497 1190 549 in
1237 516 1326 550 ore
1368 497 1678 567 Capricorni
1717 500 1910 551 consti-

218 577 457 625 tuuntur.
519 571 583 624 In
622 572 741 624 istis
779 573 1022 640 partibus
1064 590 1197 639 quae
1231 576 1355 624 sunt
1385 573 1443 624 in
1475 591 1564 625 ore
1599 571 1911 641 Capricorni
1957 593 1978 626 ιε

219 649 266 700 si
298 647 416 716 quis
448 647 696 699 habuerit
724 646 948 714 Lunam,
984 646 1110 698 licet
1141 647 1211 698 sit
1243 647 1336 699 illa
1365 647 1734 700 benivolarum
1764 647 1912 699 testi-

196 722 414 774 ·moniis
455 721 725 789 adornata,
764 720 989 788 inpuros
1031 738 1120 772 ore
1160 721 1303 773 viros
1348 721 1522 789 faciet,
1567 720 1910 773 muliebrium

218 795 503 847 libidinum
555 795 675 847 labe
730 797 982 863 pollutos
1058 793 1312 846 Mulieres
1369 795 1530 847 etiam
1586 795 1632 846 si
1685 796 1742 846 in
1791 795 1911 847 istis

217 870 461 939 partibus
507 868 792 921 habuerint
838 868 1062 935 Lunam,
1109 869 1255 920 omni
1303 872 1458 920 erunt
1506 869 1788 937 inpudicae
1834 869 1910 920 in-

218 943 467 1012 puritatis
507 942 640 995 vitio
680 961 970 1011 possessae.
1033 941 1123 994 XI.
1163 943 1219 994 in
1260 943 1416 994 corde
1458 942 1769 1011 Capricorni
1808 943 1912 995 col-
1937 965 1979 995 10

218 1019 439 1086 locatur,
479 1015 597 1069 XII.
638 1021 692 1070 et
730 1015 875 1068 XIII.
909 1018 966 1068 in
1005 1017 1222 1084 cervice,
1262 1017 1318 1069 in
1358 1017 1590 1085 scapulis
1633 1019 1912 1085 sequentes

219 1092 369 1159 duae,
408 1091 464 1143 in
504 1091 690 1143 dextra
727 1109 853 1143 vero
894 1110 1056 1142 manu
1089 1094 1369 1159 sequentes
1402 1095 1509 1143 tres
1542 1110 1638 1161 per
1670 1090 1911 1143 ordinem

220 1168 568 1234 collocantur,
622 1165 755 1218 duae
811 1183 945 1232 quae
991 1165 1087 1217 has
1135 1169 1432 1233 sequuntur
1477 1166 1535 1217 in
1582 1165 1756 1233 dorso,
1803 1169 1911 1217 tres

221 1244 501 1308 sequentes
539 1240 597 1291 in
642 1242 842 1308 ventre,
884 1242 1138 1307 quattuor
1175 1257 1299 1292 vero
1341 1258 1476 1308 quae
1523 1242 1818 1308 sequuntur
1855 1239 1914 1291 in

219 1317 448 1382 utroque
487 1314 652 1367 latere
690 1316 980 1383 ponuntur,
1018 1317 1126 1365 tres
1166 1315 1488 1381 posteriores
1529 1332 1626 1382 per
1671 1314 1909 1367 ordinem
1936 1333 1979 1366 15

221 1390 553 1441 collocantur
596 1389 652 1440 in
691 1388 872 1456 cauda,
912 1406 1082 1456 usque
1121 1389 1187 1439 ad
1226 1391 1518 1440 extremam
1557 1387 1778 1457 pinnam
1819 1386 1912 1439 Ca-

220 1463 471 1531 pricorni.

136 1535 200 1588 11
333 1536 626 1604 Aquarii
677 1540 854 1604 partes
901 1555 996 1603 per
1043 1553 1197 1587 omne
1245 1554 1438 1604 corpus
1487 1535 1601 1588 eius
1655 1536 1912 1588 hactenus

42 1621 233 1662 fot-103&
256 1610 579 1662 dividuntur.
657 1609 721 1662 In
768 1612 939 1679 capite
988 1610 1101 1661 eius
1146 1609 1186 1661 I.
1227 1613 1280 1661 et
1317 1609 1384 1662 II.
1423 1612 1603 1678 partes
1655 1612 1914 1662 collocan-

220 1687 323 1751 tur,
361 1689 470 1736 tres
511 1688 792 1752 sequentes
832 1685 889 1736 in
928 1683 1076 1751 facie,
1118 1683 1208 1735 VI.
1246 1687 1298 1736 et
1338 1682 1455 1736 VII.
1497 1683 1550 1735 in
1593 1684 1766 1751 dorse,
1803 1687 1912 1736 tres
1937 1702 1980 1734 20

222 1777 358 1827 quae
389 1761 513 1828 post
550 1759 646 1810 has
680 1762 805 1810 sunt
835 1776 929 1826 per
961 1758 1202 1810 ordinem
1236 1760 1568 1810 collocantur
1597 1757 1652 1809 in
1683 1761 1913 1826 pectore,

222 1834 279 1884 in
320 1833 505 1885 dextra
542 1850 667 1885 vero
707 1851 869 1884 manu
901 1830 990 1883 XI.
1025 1835 1078 1883 et
1109 1830 1226 1884 XII.
1260 1835 1546 1900 ponuntur.
1610 1831 1739 1884 Tres
1780 1850 1914 1900 quae

221 1910 349 1975 post
385 1906 482 1958 has
518 1909 643 1958 sunt
674 1906 900 1975 Aquarii
932 1907 988 1957 in
1019 1924 1157 1973 aqua
1190 1909 1315 1958 sunt
1349 1908 1653 1974 collocatae,
1684 1904 1828 1957 XVI.
1862 1909 1914 1958 et

223 1980 393 2033 XVII.
444 1981 501 2033 in
551 1981 765 2032 sinistra
816 1984 1090 2048 ponuntur
1141 1999 1315 2049 manU,
1357 1981 1490 2032 duae
1530 1998 1663 2048 quae
1702 1979 1799 2032 has
1839 1998 1915 2031 se-

225 2060 463 2123 quuntur
503 2075 528 2103 *
550 2075 575 2103 *
595 2075 620 2103 *
664 2054 813 2106 Duae
852 2054 986 2106 aliae
1026 2058 1301 2122 ponuntur
1331 2055 1388 2106 in
1418 2058 1617 2122 ventre,
1647 2057 1755 2106 tres
1787 2072 1912 2106 vero
1939 2071 1981 2103 ‘25

225 2133 505 2197 sequentes
545 2147 713 2197 usque
753 2129 821 2180 ad
859 2132 1125 2180 extremos
1164 2128 1515 2198 porriguntur
1560 2128 1734 2196 pedeS,
1782 2127 1914 2179 aliae

223 2207 329 2255 tres
370 2203 426 2254 in
464 2203 697 2270 renibus,
736 2206 1033 2271 postremas
1066 2221 1190 2254 vero
1223 2206 1329 2254 tres
1362 2203 1418 2254 in
1451 2202 1704 2255 cantharo
1737 2200 1915 2270 Aqua-

225 2278 293 2329 rii
333 2277 647 2329 invenimus

140 2351 207 2402 12
337 2350 617 2403 Piscium
650 2354 828 2418 partes
861 2350 1117 2401 hactenus
1149 2368 1246 2418 per
1278 2368 1432 2403 omne
1462 2367 1651 2418 corpus
1678 2350 1915 2417 ipsorum

227 2424 550 2477 dividuntur.
630 2423 734 2476 Sed
781 2424 913 2475 scire
961 2423 1228 2492 debemus,
1271 2424 1415 2492 quod
1462 2442 1599 2476 unus
1639 2422 1807 2475 Piscis
1850 2423 1917 2474 ad
1940 2440 1982 2472 30

349 2605 370 2642 1
406 2600 563 2654 partes
597 2599 694 2642 eius
726 2604 761 2640 Ι)
810 2612 973 2653 corpus
1006 2597 1104 2641 eius
1138 2602 1172 2639 G
1294 2603 1318 2640 2
1352 2598 1450 2642 eius
1483 2612 1567 2642 om.
1600 2599 1640 2640 Δ
1763 2601 1790 2639 4
1820 2598 1914 2640 tres

230 2661 474 2713 sequentes
503 2659 569 2715 Γ]
610 2657 727 2702 VIII.
763 2659 809 2700 et
839 2657 915 2700 IX.
950 2660 995 2700 et
1029 2657 1080 2700 X.
1115 2671 1235 2712 quae
1267 2659 1375 2700 sunt
1402 2660 1441 2700 Δ
1567 2661 1590 2699 7
1623 2655 1840 2699 muliebri
1872 2658 1911 2698 Δ

290 2723 314 2761 9
348 2731 505 2760 omnes
537 2715 586 2758 A'
726 2721 779 2759 12
815 2717 909 2759 tres
943 2718 1187 2771 sequentes
1221 2719 1260 2759 A
1401 2721 1455 2759 14
1487 2718 1644 2759 ventre
1676 2716 1783 2758 sunt
1814 2716 1853 2757 A

232 2782 285 2818 16
318 2776 510 2832 pinnam
541 2777 599 2833 N]
631 2789 823 2831 pumam
855 2779 892 2816 A
923 2790 1129 2830 punnam
1162 2780 1197 2818 G
1227 2775 1260 2818 I.
1293 2775 1361 2831 (id
1384 2781 1446 2819 est
1475 2774 1691 2830 primam)
1723 2779 1797 2815 Dv

234 2840 285 2878 19
319 2837 475 2890 partes
508 2834 605 2877 eius
636 2839 693 2876 N.
804 2839 859 2877 20
892 2834 1027 2877 dorso
1061 2834 1158 2877 eius
1187 2836 1233 2877 Γ
1359 2839 1411 2876 21
1446 2833 1495 2875 in
1525 2834 1644 2888 pect.
1678 2831 1837 2876 colloc.
1872 2834 1911 2874 A

293 2898 346 2937 23
381 2907 503 2948 aqua
536 2892 822 2936 collocantur
846 2895 884 2935 A
1008 2897 1062 2935 25
1097 2895 1179 2936 Zac.
1212 2894 1422 2937 indicant
1453 2892 1577 2936 codd.
1610 2890 1660 2934 in
1689 2891 1914 2934 lateribus

231 2953 379 3008 suppl.
413 2968 439 2994 a
560 2957 614 2995 29
648 2966 731 3007 per
763 2965 897 2995 omne
930 2965 1052 3007 corp.
1086 2951 1172 3007 ips.
1206 2965 1287 2995 om.
1319 2954 1365 2995 Γ
