2066 3192
799 97 863 142 VI
897 103 966 155 ιτ,
989 102 1143 143 5—21.
1710 95 1818 149 113

127 223 276 276 tione
324 222 631 289 decernunt,
676 219 766 273 sed
815 238 914 272 nec
963 219 1144 288 aliquo
1198 217 1479 286 patiuntur
1530 217 1606 270 sic
1653 217 1819 286 positi

128 296 404 350 felicitatis
462 294 647 349 ordine
709 294 999 362 sublevari,
1061 295 1153 346 aut
1212 311 1489 361 nunquam
1543 292 1820 361 <dabunt>

128 370 286 440 filios,
317 372 410 424 aut
441 372 741 438 susceptam
773 368 1014 422 sobolem
1045 367 1240 419 misera
1263 369 1436 419 morte
1460 369 1820 435 prosternunt.

131 443 236 498 Sed
279 444 337 497 hi
384 444 489 514 ipsi
536 444 720 500 crebra
768 444 907 496 mala
949 445 1002 495 et
1040 442 1237 494 multas
1276 459 1503 494 uxorum
1543 441 1823 509 patiuntur

86 540 104 572 5
130 536 367 572 lmuriaS.

918 649 1034 703 XX.

242 740 618 811 [Mercurius
660 743 720 793 et
758 740 934 792 Luna
973 738 1308 808 diametri]
1351 737 1408 791 Si
1439 738 1737 792 Mercurius
1770 744 1823 793 et

130 815 282 868 Luna
331 815 588 868 diametra
639 832 693 867 se
742 814 1038 866 radiatione
1087 813 1438 882 respexerint,
1493 817 1545 866 et
1594 814 1650 867 in
1701 832 1822 868 con-

132 890 312 943 trariis
351 889 631 943 constituti
669 889 802 942 locis
840 888 1004 958 longa
1039 906 1094 941 se
1132 888 1360 940 invicem
1399 887 1670 940 radiorum
1703 907 1822 941 suo-

65 987 107 1018 10
131 983 249 1016 rum
295 966 562 1033 potestate
608 963 953 1033 pulsaverint,
1005 963 1288 1015 effrenatae
1326 962 1687 1015 multitudinis
1726 963 1822 1015 im-

131 1042 315 1108 petum
370 1041 422 1092 et
475 1037 754 1107 popularis
811 1037 1086 1090 seditionis
1142 1038 1401 1089 suscitant
1451 1039 1668 1089 cruenta
1719 1038 1823 1090 dis-

134 1113 374 1182 crimina,
421 1115 482 1164 ut
523 1130 611 1165 eos
653 1129 860 1181 semper
898 1113 954 1164 in
994 1114 1150 1164 coetu
1187 1111 1404 1180 publico
1443 1129 1549 1164 vox
1589 1111 1825 1183 maligna

131 1187 318 1256 populi
364 1189 730 1255 persequatur.
809 1185 912 1238 Sed
965 1188 1018 1238 et
1071 1186 1248 1237 animo
1304 1188 1357 1237 et
1410 1185 1585 1238 verbis
1637 1204 1821 1259 eorum

132 1261 390 1314 deiectam
428 1261 842 1331 trepidationem
880 1260 1089 1313 timoris
1129 1260 1387 1314 indicunt.

65 1416 106 1449 15
904 1392 1047 1446 XXI.

244 1482 354 1553 [De
395 1485 737 1554 exagonis]
811 1482 947 1536 Cum
988 1485 1172 1536 stellae
1212 1501 1453 1553 exagona
1489 1483 1618 1553 <se>
1655 1485 1823 1537 radia-

130 1558 276 1611 tione
326 1558 676 1627 respexerint,
729 1559 862 1612 haec
912 1558 1202 1610 decernunt
1253 1576 1388 1626 quae
1439 1575 1503 1610 ex
1557 1560 1824 1629 trigonica

134 1632 365 1685 diximus
397 1632 692 1685 radiatione
724 1632 1016 1686 decernere.
1081 1630 1185 1685 Sed
1217 1633 1550 1685 decretorum
1581 1633 1822 1702 ipsorum

134 1725 197 1759 ex
236 1706 415 1775 aliqua
453 1710 605 1775 parte
644 1707 905 1759 minuitur
944 1707 1176 1775 effectus,
1220 1709 1272 1758 et
1310 1706 1580 1776 languidis
1619 1707 1822 1760 viribus

68 1802 111 1835 20
137 1781 395 1833 destituta
439 1781 664 1833 radiatio
712 1782 768 1833 in
813 1780 1076 1851 genituris
1116 1780 1366 1833 omnibus
1407 1781 1698 1834 efficaciam
1740 1783 1823 1834 sui

136 1855 331 1907 minori
380 1858 646 1924 potestate
701 1856 972 1924 conponit.
1068 1854 1171 1907 Sed
1224 1855 1359 1908 illud
1413 1855 1719 1909 meminisse
1771 1860 1824 1909 te

136 1930 407 1998 convenit,
459 1929 600 1998 quod
638 1929 835 1982 hebent
875 1948 1115 2000 exagona
1152 1929 1357 1982 viribus
1398 1930 1442 1982 si
1481 1930 1702 1999 tropicis
1741 1931 1824 1983 vel

258 2080 280 2118 1
318 2079 417 2130 178,
436 2079 463 2119 5
489 2076 573 2118 οὐκ
600 2074 760 2132 ἀγαθὴ
786 2074 901 2130 πρὸς
925 2074 1075 2132 γάμον
1189 2077 1250 2132 (2)
1276 2073 1487 2131 σημαίνει
1512 2074 1563 2120 δὲ
1587 2073 1823 2126 ἀτεκνίας·

138 2134 178 2178 εἰ
204 2133 290 2191 γὰρ
309 2135 388 2178 καὶ
404 2133 543 2178 τέκνα
572 2137 1225 2191 γε(ννῶνται),θανατοῠνται.
1267 2135 1348 2178 διὰ
1373 2132 1423 2178 δὲ
1449 2142 1674 2191 γυναῖκας
1698 2133 1826 2193 ὑβρί-

138 2196 295 2245 ζονται
327 2194 408 2237 καὶ
440 2193 572 2237 δεινὰ
603 2193 874 2251 πάσχουσιν.
1010 2198 1064 2237 10
1099 2197 1200 2247 179,
1225 2197 1283 2237 21
1318 2195 1368 2238 ἐκ
1401 2194 1615 2247 πλήθους
1647 2194 1826 2245 στάσεις

138 2251 301 2310 ἐγείρει
329 2253 407 2296 καὶ
438 2251 644 2311 ταραχὰς
675 2254 755 2297 καὶ
786 2252 919 2311 βοάς·
954 2254 1123 2304 αὐτοὺς
1154 2253 1205 2298 δὲ
1238 2253 1417 2303 δειλοὺς
1448 2250 1570 2298 εἶναι’
1601 2268 1712 2309 φησι
1745 2255 1826 2297 καὶ

137 2313 378 2367 ἀθαρσεῖς.
502 2316 556 2355 16
591 2316 695 2366 180,
720 2316 747 2355 4
779 2312 836 2356 τὰ
869 2311 920 2357 δὲ
952 2312 1161 2369 ἑξάγωνα
1192 2319 1284 2357 τῶν
1316 2311 1521 2367 ἀστέρων
1552 2313 1829 2369 ἰσοδυναμοῖ

138 2368 222 2428 μὲν
253 2378 350 2421 τοῖς
372 2373 628 2429 τριγώνοις,
663 2371 738 2415 ἐπὶ
768 2373 818 2415 τὸ
852 2370 1171 2429 ἀμαυρότερον
1204 2371 1268 2416 δέ.
1323 2373 1380 2426 cf.
1406 2378 1447 2416 et
1477 2376 1580 2426 165,
1607 2378 1646 2416 1.

259 2494 278 2531 1
313 2489 558 2545 potiuntur
589 2492 628 2532 Δ
775 2495 799 2533 2
833 2490 1063 2534 sublevari
1095 2505 1179 2534 om.
1214 2492 1252 2534 Δ
1312 2495 1318 2543 Ι
1376 2491 1482 2534 add.
1516 2494 1540 2543 ζ
1568 2490 1826 2547 (habebunt

137 2549 180 2596 a.)
332 2552 358 2590 4
390 2548 631 2604 patientur
662 2551 701 2592 Δ
857 2554 907 2592 11
943 2550 1191 2606 populares
1224 2548 1475 2593 seditiones
1507 2564 1618 2594 corr.
1653 2552 1717 2602 κζ
1753 2559 1825 2605 (ac

138 2608 330 2650 cruenta
362 2610 405 2664 a)
463 2610 469 2664 1
527 2607 797 2652 discrimina
829 2611 1020 2652 cruenta
1051 2611 1090 2652 Δ
1246 2613 1298 2651 12
1330 2609 1379 2651 in
1411 2623 1495 2654 om.
1529 2612 1568 2652 A
1627 2610 1633 2666 Ι
1690 2611 1825 2653 coetu

143 2667 209 2723 Γ]
242 2668 470 2710 conventu
501 2669 540 2709 A
679 2671 732 2710 13
766 2670 813 2711 et
839 2669 974 2723 prius
1004 2682 1088 2712 om.
1122 2671 1161 2711 A
1309 2672 1363 2710 14
1404 2668 1634 2712 delectam
1665 2670 1704 2711 A

142 2729 195 2767 16
236 2725 293 2768 de
332 2726 552 2783 exagonis
588 2728 672 2769 Pl)
727 2726 784 2770 de
824 2740 1034 2784 exagona
1074 2727 1334 2771 radiatione
1373 2731 1412 2769 N
1469 2730 1474 2782 Ι
1532 2727 1824 2783 hexagonam

139 2784 447 2829 radiationem
481 2799 590 2829 corr.
624 2801 673 2840 a,
712 2787 788 2829 sed
828 2799 875 2829 se
914 2789 1005 2830 iam
1047 2788 1152 2830 add.
1186 2791 1225 2828 N
1378 2790 1430 2829 17
1465 2788 1538 2844 ex]
1573 2800 1649 2830 eas
1683 2800 1706 2829 σ

141 2847 195 2885 22
221 2843 396 2887 habent
419 2858 531 2888 cor-r.
552 2858 577 2887 σ
600 2849 734 2900 atque
758 2858 785 2887 a
810 2847 860 2888 in
884 2860 974 2889 ras.
999 2846 1130 2890 habet
1149 2851 1184 2888 D
1209 2861 1237 2889 α
1262 2860 1404 2889 manu
1430 2847 1572 2890 altera
1595 2847 1823 2901 serae'ptam,

139 2907 191 2946 ut
220 2903 346 2946 haud
374 2905 573 2947 sciamus
604 2918 667 2947 an
699 2917 722 2947 e
753 2906 896 2959 fuerit

230 2985 438 3026 anncus,
462 2985 543 3016 edd.
567 2985 725 3026 Kroll‚
750 2986 956 3018 Skutsch
981 2989 1017 3018 et
1040 2986 1241 3027 Ziegler.
1277 2987 1328 3018 11.
1531 2983 1556 3021 8
