2078 3174
826 118 884 162 VI
916 123 987 174 31,
1011 131 1171 163 88—90.
1740 119 1843 171 173

156 241 469 312 Sagittario,
515 243 608 293 aut
654 239 712 293 in
757 239 926 308 spinis
967 238 1299 308 Capricorni,
1347 243 1438 292 aut
1485 239 1542 291 in
1578 239 1692 292 lino
1731 238 1844 293 Pis-

156 317 319 382 cium,
366 319 459 368 aut
504 315 561 367 in
608 315 782 383 capite
822 313 1044 381 Arietis,
1090 316 1144 366 et
1182 314 1253 366 sit
1290 313 1498 366 minuta
1535 312 1846 382 luminibus,

154 390 207 442 id
241 393 320 442 est
359 389 505 442 omni
543 388 823 457 splendore
862 387 1080 440 luminis
1112 389 1347 457 erogato,
1395 394 1448 439 et
1479 406 1596 440 eam
1627 390 1720 440 aut
1753 386 1844 440 Sa-

154 467 345 515 turnus
396 466 488 516 aut
531 461 677 514 Mars
728 461 907 530 aliqua
951 461 1248 515 radiatione
1298 461 1609 530 respiciant,
1658 479 1842 515 caecos

91 558 129 590 .5
154 538 365 590 efficiet.
453 535 511 589 Si
559 553 684 589 vero
737 537 793 588 in
841 535 927 587 his
977 535 1146 605 signis
1198 538 1250 587 et
1299 534 1356 587 in
1405 535 1490 588 his
1540 536 1597 588 in
1648 536 1843 604 quibus

153 612 385 664 diximus
422 611 555 663 locis
595 609 827 679 aliquem
859 610 1136 680 geniturae
1169 609 1435 662 cardinem
1467 613 1659 678 teneat,
1699 611 1844 663 omni

153 687 428 738 oculorum
473 684 772 737 substantia
810 683 1068 753 dissipata
1106 683 1361 736 miserum
1401 683 1686 736 discrimen
1727 702 1843 737 cae-

152 760 328 812 citatis
380 759 611 811 affertur.
701 757 758 811 Si
811 776 937 810 vero
994 757 1065 810 sit
1116 757 1270 809 Luna
1322 757 1481 826 plena
1533 758 1843 823 luminibus,

153 838 246 885 aut
291 833 464 886 adhuc
509 835 796 903 augmenta
836 831 1135 901 splendoris
1175 832 1455 900 accipienS,
1505 849 1688 884 caecos
1730 833 1843 901 qui—

86 927 128 959 ιο
155 907 274 959 dem
313 925 422 959 non
459 907 680 975 efficiet,
728 907 819 958 sed
858 909 952 958 aut
995 906 1188 958 vitium
1228 911 1321 957 aut
1359 906 1710 958 valitudinem
1750 910 1843 958 aut

153 981 452 1034 cicatricem
499 984 591 1033 aut
636 985 819 1033 notam
865 980 921 1032 in
960 981 1114 1033 vultu
1154 997 1362 1049 semper
1401 980 1623 1050 infligit,
1670 984 1731 1033 ut
1769 981 1842 1032 fa-

152 1056 286 1108 ciem
325 1055 608 1108 inhonesta
646 1055 822 1123 specie
863 1054 1260 1123 [in]dedecoret.

264 1127 322 1182 Si
366 1128 610 1199 Iuppiter
657 1133 710 1182 et
755 1128 898 1181 Mars
945 1130 1002 1180 in
1046 1127 1160 1180 MC.
1207 1128 1474 1197 partiliter
1521 1129 1722 1180 fuerint
1768 1129 1844 1181 in-
1862 1129 1932 1182 89

151 1204 314 1272 venti,
353 1208 406 1255 et
444 1204 500 1255 in
531 1202 625 1256 ΙΙΙ.
665 1203 730 1256 ab
763 1202 1063 1271 horoscopo
1095 1202 1213 1255 loco
1246 1202 1543 1255 Mercurius
1575 1206 1628 1255 et
1659 1202 1842 1255 Venus

85 1296 127 1329 15
153 1281 377 1346 aequata
417 1278 526 1330 sint
555 1278 789 1347 partium
823 1278 1077 1331 societate
1109 1277 1396 1346 coniuncti,
1435 1275 1581 1329 VIII.
1612 1295 1739 1330 vero
1775 1277 1842 1328 ab

149 1351 450 1420 horoscopo
489 1351 669 1405 locum
710 1350 972 1404 Saturnus
1010 1354 1205 1419 teneat,
1244 1350 1337 1403 Sol
1375 1368 1500 1403 vero
1541 1351 1611 1402 sit
1650 1351 1708 1403 in
1748 1349 1842 1403 Ge-

150 1426 326 1494 minis,
364 1426 516 1478 Luna
555 1430 734 1478 autem
773 1428 866 1478 aut
904 1425 960 1477 in
1001 1425 1156 1478 domo
1198 1444 1294 1478 sua
1333 1429 1426 1477 aut
1464 1425 1521 1476 in
1561 1424 1842 1477 altitudine

152 1517 248 1552 sua
302 1499 373 1552 sit
424 1500 615 1569 posita,
669 1499 772 1553 hoc
825 1500 1094 1552 decretum
1146 1498 1363 1551 heroem
1417 1499 1594 1551 virum
1646 1499 1843 1552 fortem

150 1574 580 1642 homicidamque
618 1574 873 1643 perficiet,
913 1575 1006 1643 qui
1043 1573 1251 1626 victrici
1288 1573 1473 1626 dextra
1504 1591 1720 1626 acervos
1752 1573 1844 1626 ho-

85 1667 128 1698 10
153 1648 315 1700 stium
356 1649 552 1700 eximia
591 1667 773 1701 eorum
816 1651 992 1717 strage
1031 1648 1286 1717 perficiat.

263 1720 321 1774 Si
366 1723 695 1791 horoscopus
743 1722 799 1775 in
845 1722 1011 1775 altero
1060 1721 1123 1774 de
1170 1721 1391 1790 tropicis
1438 1721 1606 1792 signis
1652 1721 2026 1777 fueritfot-8201

151 1797 422 1864 inventuS,
483 1800 536 1849 et
588 1796 741 1848 Luna
801 1796 857 1847 in
919 1795 1036 1848 XII.
1099 1796 1170 1848 sit
1229 1794 1352 1849 1000
1414 1795 1480 1848 ab
1541 1795 1842 1864 horoscopo
1861 1796 1932 1849 90

152 1871 466 1938 constituta,
528 1869 770 1939 Iuppiter
829 1888 954 1923 vero
1017 1874 1070 1922 et
1123 1870 1267 1922 Mars
1330 1873 1557 1938 aequata
1609 1869 1843 1939 partium

152 1944 404 1997 societate
451 1945 722 1997 coniuncti
768 1943 872 2014 [in]
919 1942 1060 1996 IMC.
1110 1943 1379 1996 cardinem
1423 1947 1663 2011 teneant,
1710 1943 1844 1996 Mer-

84 2037 126 2069 25
153 2018 330 2070 curius
381 2022 434 2070 et
483 2018 666 2072 Venus
718 2018 1069 2087 [in]aequatis
1119 2018 1363 2086 partibus
1415 2017 1682 2070 cardinem
1730 2017 1842 2070 MC.

274 2214 294 2250 1
331 2207 511 2263 Scorpii
545 2205 812 2264 Capricorni
836 2210 875 2251 Δ
913 2210 919 2263 1
958 2208 1007 2250 111
1039 2212 1144 2251 ante
1175 2207 1271 2251 lino
1304 2222 1387 2252 om.
1415 2210 1453 2250 Δ
1579 2212 1605 2251 3
1637 2207 1686 2250 in
1718 2209 1843 2251 omni

156 2269 203 2310 Γ
346 2271 372 2310 5
406 2266 578 2310 efficiet
610 2268 713 2325 AB]
763 2266 939 2311 efficiat
970 2271 1007 2309 A
1038 2269 1139 2324 (om.
1174 2269 1225 2323 G)
1273 2266 1479 2310 efficient
1508 2282 1538 2309 v
1688 2271 1713 2309 6
1748 2281 1844 2310 0111-

152 2339 258 2368 nem
291 2339 357 2369 00.
392 2325 705 2369 substantiam
738 2325 1018 2382 dissipatam
1050 2339 1201 2370 serum
1234 2328 1273 2369 Δ
1421 2330 1445 2369 9
1480 2328 1562 2370 aut
1593 2326 1641 2384 κ]
1679 2329 1726 2370 et

156 2390 207 2427 11
242 2383 423 2442 affliget
453 2387 492 2427 Δ
633 2390 685 2428 12
718 2386 801 2430 del.
833 2400 863 2428 v
1000 2389 1054 2428 15
1087 2386 1290 2441 aequata
1322 2385 1416 2428 sint
1446 2385 1652 2441 partium
1684 2386 1721 2443 ζ]
1769 2399 1843 2429 ae-

153 2444 309 2498 quatis
341 2444 388 2486 in
421 2444 634 2500 partibus
667 2443 760 2486 A‘B
804 2446 1007 2501 aequata
1037 2445 1244 2500 partium
1277 2447 1363 2488 AG
1487 2450 1540 2488 16
1573 2444 1728 2488 locum
1759 2459 1843 2490 om.

154 2506 193 2546 Δ
239 2504 359 2547 unde
403 2502 626 2546 Saturnus
664 2503 818 2547 locum
850 2506 874 2557 ζ
1023 2508 1075 2547 17
1111 2506 1193 2547 aut
1231 2505 1281 2547 in
1321 2503 1401 2547 alt.
1443 2518 1526 2548 sua
1566 2519 1648 2548 om.
1683 2506 1722 2546 A

157 2567 210 2605 19
245 2561 435 2605 acerbos
467 2566 545 2604 BG
586 2563 725 2618 (acies
758 2565 810 2617 A)
932 2567 988 2606 20
1022 2562 1241 2606 eximium
1273 2565 1311 2606 A
1348 2562 1518 2606 eximia
1551 2577 1655 2606 cum
1687 2565 1842 2620 strage

155 2635 180 2664 σ
213 2634 281 2665 ex.
322 2635 561 2666 caesorum
600 2624 677 2665 str.
719 2638 746 2664 κ
803 2625 808 2679 Ι
865 2621 1075 2678 perficiat
1107 2623 1160 2680 B]
1207 2622 1416 2678 perficiet
1454 2628 1531 2667 cet.
1572 2623 1697 2666 codd.
1738 2636 1842 2678 per-

156 2681 304 2723 cutiat
334 2696 364 2723 v
410 2680 625 2724 conficiat
656 2697 683 2723 a
833 2686 886 2724 21
931 2681 981 2724 in
1013 2681 1159 2724 altero
1193 2681 1250 2724 de
1281 2681 1474 2737 tropicis
1508 2681 1653 2738 signis
1686 2682 1747 2738 A]
1794 2680 1843 2724 in

155 2739 307 2783 Tauro
340 2739 570 2796 ditropico
604 2740 736 2797 signo
773 2741 819 2783 Γ
957 2745 1012 2783 22
1044 2740 1259 2783 inventus
1292 2755 1375 2784 om.
1410 2743 1448 2783 A
1509 2743 1514 2795 Ι
1573 2739 1634 2783 sit
1665 2739 1714 2782 in
1746 2739 1840 2783 XII.

156 2799 215 2842 ab
247 2799 343 2842 hor.
377 2798 478 2842 loco
512 2798 739 2842 collocata
772 2802 811 2842 A
886 2801 892 2851 Ι
965 2798 1058 2842 sint
1089 2825 1147 2833 -—
1179 2799 1422 2843 constituti
1460 2801 1505 2842 Γ
1543 2799 1681 2855 (unde
1713 2799 1843 2843 Luna

155 2872 272 2901 *ss*
296 2857 335 2913 ,9)
458 2862 513 2900 24
546 2859 627 2902 dez.
662 2861 722 2910 κζ
777 2861 781 2914 Ι
839 2860 1031 2901 teneant
1064 2858 1142 2916 κζ]
1175 2860 1350 2915 negant
1379 2861 1424 2901 Γ
1450 2873 1531 2902 om.
1560 2861 1598 2901 A
1634 2860 1843 2914 (vergant

156 2919 198 2971 a)
257 2919 263 2972 Ι
321 2916 574 2960 Mercurius
608 2920 765 2960 autem
797 2933 824 2959 a
947 2922 1001 2960 25
1035 2918 1117 2961 del.
1150 2933 1177 2960 a
