2078 3174
95 915 137 946 10

93 1284 134 1316 15

88 2023 132 2055 25

832 105 895 149 VI
927 111 998 161 31,
1021 118 1181 150 48—57.
1751 106 1853 158 163

165 229 342 280 curius
381 231 606 297 aequata
643 227 751 280 sint
787 227 956 296 partis
996 226 1250 279 societate
1287 226 1575 294 conjuncti,
1614 224 1856 295 Iuppiter

164 320 290 355 vero
328 302 687 370 horoscopum
726 303 781 353 et
818 299 917 354 hos
957 300 1215 353 diametra
1253 300 1549 353 radiatione
1587 301 1855 368 respiciat,

164 380 258 428 aut
306 375 671 444 epilempticos
717 377 810 427 aut
857 378 998 427 certe
1045 374 1253 427 faciunt
1293 377 1640 443 praepostera
1679 378 1855 426 mente

165 468 372 518 semper
409 450 638 502 insanos,

277 523 333 576 Si
375 522 554 575 Venus
593 522 758 575 fuerit
795 523 852 575 in
896 522 1199 591 horoscopo
1242 522 1509 590 partiliter
1548 524 1854 590 constituta,
1872 519 1944 574 54

163 601 217 649 et
267 596 527 650 Saturnus
578 596 634 649 in
682 594 824 649 IMC.
875 597 1084 665 positus
1131 595 1328 649 Veneri
1380 596 1637 664 quadrata
1687 596 1855 648 radia-

162 671 309 724 tione
346 672 624 741 iungatur,
669 671 874 723 faciunt
919 669 1164 723 homines
1211 671 1532 739 templorum
1583 670 1854 739 obsequiis

163 745 460 814 deputatoS‚
499 745 591 812 qui
627 743 818 797 latenti
857 744 1153 797 divinitatis
1185 743 1444 796 instinctu
1474 747 1679 797 mutato
1712 763 1855 796 men-

162 819 232 871 tis
265 819 447 872 ordine
478 823 531 871 et
562 819 860 884 †instantis
891 819 1171 889 religionis
1202 821 1470 887 potestate
1500 819 1748 887 possessi,
1779 819 1856 870 in·

161 892 426 945 stantibus
464 892 774 945 hominibus
811 892 993 945 futura
1030 892 1357 962 praedicant,
1399 895 1462 944 ut
1498 893 1608 945 illis
1648 911 1712 946 ex
1750 894 1855 944 ista

160 966 564 1020 conversatione
604 967 971 1036 quottidianae
1009 968 1151 1020 vitae
1189 970 1476 1036 augmenta
1518 971 1854 1034 quaerantur.

274 1040 331 1094 Si
383 1042 441 1093 in
478 1040 703 1111 Virgine
758 1041 830 1093 sit
882 1042 1212 1110 horoscopus
1268 1041 1607 1107 constitutuS‚
1661 1044 1714 1093 et
1768 1042 1823 1092 in
1841 1051 2015 1095 fol-80⁶1

161 1115 346 1167 eodem
392 1114 694 1185 horoscopo
741 1114 986 1184 Iuppiter
1030 1115 1173 1168 Mars
1221 1115 1519 1168 Mercurius
1571 1120 1623 1168 et
1669 1114 1852 1167 Venus
1870 1112 1942 1167 55

161 1189 269 1241 sint
308 1189 572 1258 collocati,
616 1188 875 1242 Saturnus
915 1207 1041 1242 vero
1081 1190 1137 1241 in
1175 1189 1423 1242 Piscibus
1462 1189 1516 1241 id
1556 1193 1636 1242 est
1675 1190 1731 1241 in
1770 1207 1853 1242 oc-

161 1281 284 1316 casu
323 1264 600 1331 (positus)
639 1263 739 1316 hos
788 1282 970 1316 omnes
1020 1281 1154 1332 quos
1203 1263 1434 1316 diximus
1478 1263 1736 1315 diametra
1773 1282 1853 1315 ra-

159 1336 394 1389 diatione
439 1337 715 1405 respiciat,
770 1341 823 1390 et
869 1336 963 1390 Sol
1009 1338 1065 1390 in
1119 1338 1339 1390 anafora
1392 1337 1678 1406 horoscopi
1733 1355 1852 1390 con-

160 1411 381 1463 stitutus
414 1412 629 1482 signum
653 1411 849 1465 Librae
879 1412 1166 1481 possideat,
1198 1411 1350 1463 Luna
1382 1430 1507 1464 vero
1534 1413 1590 1464 in
1613 1411 1852 1480 Aquario

158 1484 230 1536 sit
267 1485 468 1554 posita,
507 1489 559 1538 et
599 1504 781 1538 omnes
820 1488 875 1538 in
916 1486 1025 1538 suis
1067 1485 1176 1537 sint
1214 1487 1410 1539 finibus
1450 1487 1751 1553 constituti,
1798 1485 1853 1538 id

158 1562 238 1611 est
268 1558 513 1628 Iuppiter
545 1559 806 1612 Saturnus
839 1560 983 1612 Mars
1015 1559 1311 1613 Mercurius
1345 1564 1398 1613 et
1422 1559 1621 1628 VenuS‚
1655 1579 1718 1613 ex
1751 1561 1854 1612 ista

157 1632 403 1703 genitura
450 1634 720 1686 decretum
758 1634 1118 1703 potentissimi
1158 1634 1497 1704 imperatoris
1539 1634 1851 1687 ostenditur.

269 1706 326 1759 Si
364 1707 508 1760 Mars
554 1708 718 1760 fuerit
762 1710 819 1760 in
865 1709 1165 1778 horoscopo
1215 1709 1557 1776 constitutus,
1609 1712 1661 1760 et
1698 1708 1851 1761 Luna
1869 1708 1938 1759 56

155 1784 249 1833 aut
288 1781 355 1833 ad
385 1781 612 1835 Martem
651 1782 868 1850 feratur,
907 1786 1001 1834 aut
1039 1783 1105 1835 ab
1147 1801 1208 1836 eo
1251 1783 1463 1851 defluat,
1501 1784 1642 1836 vitae
1680 1782 1850 1834 humi-

155 1854 361 1908 litatem
402 1856 584 1926 gravia
630 1856 941 1909 valitudinis
980 1857 1113 1909 vitia
1161 1860 1214 1910 et
1259 1859 1447 1910 acerba
1490 1858 1849 1926 periculorum

157 1928 463 1982 discrimina
502 1933 555 1982 et
593 1932 814 1983 miserae
855 1932 1173 1984 calamitatis
1212 1931 1456 1984 incursus
1498 1950 1562 1983 ex
1595 1932 1696 1983 ista
1728 1948 1849 1982 oon-

156 2002 444 2056 iunctionis
493 2004 746 2057 societate
791 2005 1155 2076 †iunguntur.
1235 2004 1338 2058 Sed
1386 2009 1437 2057 et
1477 2006 1522 2057 si
1562 2005 1618 2056 in
1658 2022 1848 2058 occasu

154 2075 297 2129 Mars
337 2077 500 2130 fuerit
539 2078 810 2146 inventUS‚
849 2083 902 2131 et
940 2079 1005 2131 ab
1047 2097 1109 2131 eo
1150 2079 1348 2132 defluat
1387 2078 1560 2146 Luna,
1599 2079 1731 2131 haec
1769 2097 1850 2131 ea-

159 2150 276 2202 dem
309 2151 473 2203 simili
513 2153 720 2205 ratione
760 2153 1061 2220 perficiunt.

266 2223 323 2277 Si
365 2223 458 2277 Sol
498 2246 523 2273 *
566 2247 590 2274 *
633 2247 657 2273 *
701 2247 725 2274 *
768 2246 793 2273 *
837 2247 861 2274 *
905 2247 929 2274 *
973 2248 997 2274 *
1037 2227 1200 2279 fuerit
1239 2226 1584 2294 constitutus,
1636 2231 1689 2278 et
1728 2245 1847 2278 eum
1865 2224 1933 2277 57

275 2375 296 2412 1
331 2371 538 2427 partium
570 2374 609 2415 Δ
732 2377 758 2414 3
792 2372 1066 2428 epilenticos
1096 2375 1142 2416 Γ
1169 2371 1511 2428 emptilenticos
1544 2374 1583 2415 Δ
1707 2376 1732 2414 5
1766 2385 1844 2427 pa-

152 2429 266 2472 riter
297 2429 528 2473 collocata
559 2433 599 2474 A
725 2435 747 2474 7
781 2431 1036 2488 iungantur
1066 2435 1144 2474 AB
1187 2432 1194 2490 1
1236 2431 1412 2475 facient
1442 2435 1521 2474 BG
1562 2434 1568 2487 1
1611 2431 1845 2475 hominem

153 2491 193 2531 Δ
316 2492 340 2531 9
373 2488 571 2532 instanti
603 2493 642 2533 A
675 2490 953 2534 insanientis
987 2505 1012 2534 σ
1055 2492 1060 2547 Ι
1102 2491 1304 2547 possessi
1336 2488 1397 2549 A]
1429 2492 1587 2547 posset
1619 2490 1658 2533 si
1688 2492 1733 2533 Γ

156 2552 207 2591 11
242 2548 590 2592 conversatione
623 2564 705 2593 om.
733 2552 772 2592 A
800 2583 806 2589 .
897 2555 950 2593 13
983 2551 1238 2606 horoscopo
1271 2565 1353 2595 om.
1381 2552 1420 2593 A
1546 2555 1599 2593 15
1633 2550 1738 2593 add.
1765 2552 1789 2601 ζ

155 2610 209 2650 18
241 2607 290 2649 in
321 2607 491 2650 finibus
525 2607 619 2651 suis
652 2608 763 2664 (sint
790 2611 891 2665 om.)
925 2612 965 2652 A
1090 2614 1142 2652 19
1177 2609 1432 2653 Mercurius
1463 2609 1588 2652 Mars
1621 2608 1776 2651 Venus
1803 2611 1843 2651 A

213 2670 268 2709 20
301 2666 421 2710 decr.
447 2669 544 2722 pot.
569 2667 681 2723 imp.
708 2670 791 2711 ost.
823 2669 888 2726 Γ]
921 2669 1017 2724 pot.
1050 2669 1162 2724 imp.
1189 2669 1311 2712 decr.
1338 2669 1603 2712 decernitur
1628 2670 1713 2711 AG
1745 2668 1843 2722 (de-

153 2724 356 2769 cernitur
388 2725 459 2769 vel
491 2726 752 2770 ostenditur
781 2729 828 2783 v)
958 2731 1012 2770 22
1047 2730 1130 2770 aut
1153 2730 1292 2784 prius
1327 2727 1394 2786 Γ]
1426 2730 1479 2770 ut
1511 2731 1549 2770 A
1685 2731 1740 2769 24
1773 2727 1843 2769 in-

152 2797 288 2827 cursu
319 2787 358 2827 A
523 2790 578 2828 25
612 2786 868 2829 decernunt
898 2801 925 2828 a
971 2785 1235 2844 largiuntur
1266 2803 1292 2830 κ
1349 2788 1356 2842 Ι
1414 2785 1504 2830 Sed
1538 2785 1577 2829 si
1608 2789 1725 2828 BGv

153 2846 207 2885 28
242 2842 320 2886 Sol
358 2857 441 2888 om.
479 2846 525 2887 Γ
575 2847 581 2900 Ι
637 2849 753 2900 spat.
787 2859 880 2889 vac.
915 2846 1057 2889 exhib.
1091 2860 1206 2890 omn.
1241 2846 1367 2890 codd.
1427 2855 1432 2901 Ι
1490 2845 1539 2888 in
1570 2845 1727 2888 Ariete
1761 2847 1843 2887 aut-

151 2901 200 2943 in
231 2900 481 2957 Scorpione
512 2905 660 2960 suppl.
694 2919 721 2946 a

1489 2978 1574 3021 11*
