2066 3192
274 137 345 189 30
998 136 1096 180 FIR
1105 136 1226 181 MICI

274 257 495 311 Veneris
546 258 913 311 testimonium
965 258 1188 326 sufficit,
1241 258 1346 311 nisi
1396 258 1453 310 in
1501 259 1747 330 genitura
1797 259 1956 311 etiam

270 332 423 384 Luna
472 331 731 386 Venerem
787 350 1041 400 prospera
1093 301 1385 385 radiatione
1437 333 1742 417 respexerit.
1821 331 1959 386 Sane

272 407 374 474 ipsi
420 406 652 475 propriis
691 405 894 458 viribus
943 409 996 458 et
1041 424 1137 458 suo
1187 408 1375 458 merito
1416 407 1648 459 maxima
1685 406 1957 459 felicitatis

270 480 504 551 insignia
560 483 975 549 consequuntur,
1031 481 1121 532 sed
1174 480 1381 533 tamdiu
1435 480 1764 534 infelicitatis
1804 499 1958 533 onere

273 555 662 623 deprimuntur,
725 554 978 623 quamdiu
1039 555 1271 623 primum
1327 572 1508 607 cursus
1564 555 1646 607 sui
1702 554 1958 608 circulum
2005 576 2024 610 5

224 629 252 681 7
274 627 534 680 Saturnus
574 628 869 698 inpleverit.
945 627 1188 680 Pericula
1234 631 1410 681 autem
1458 628 1566 681 illis
1605 632 1697 681 aut
1736 646 1801 680 ex
1839 647 1958 681 cau-

197 714 202 717 ’
272 702 344 756 sis
383 706 476 755 aut
515 720 578 754 ex
618 702 1042 772 aegritudinibus
1089 705 1181 754 aut
1221 721 1285 754 ex
1324 702 1842 773 peregrinationibus
1882 702 1959 754 in·

269 777 519 829 ferentur.
597 776 888 829 Habebunt
939 779 1116 828 autem
1168 794 1328 846 grave
1378 776 1675 844 periculum
1725 780 1818 829 aut
1866 775 1958 829 IX.

271 869 408 903 anno
450 854 541 903 aut
579 850 721 903 XIV.
763 854 855 903 aut
891 849 1058 903 XXV.
1099 854 1192 902 aut
1230 849 1449 903 XXXII.
1491 869 1651 919 ann0‚
1692 851 1783 904 sed
1821 851 1958 919 peri-

271 925 511 978 culorum
542 928 783 993 tempore
816 925 860 977 si
891 924 1258 977 benivolarum
1291 925 1566 977 stellarum
1589 925 1789 977 fuerint
1812 943 1956 993 prae-
1982 947 2024 980 ιο

271 998 405 1052 sidio
454 999 743 1067 sublevati,
789 999 1037 1051 instantis
1086 999 1235 1051 exitii
1284 999 1563 1052 discrimen
1615 999 1859 1067 evadunt,
1906 1002 1958 1051 et

270 1074 537 1142 accipiunt
577 1074 808 1142 spatium
851 1092 1016 1141 usque
1057 1074 1123 1124 ad
1153 1072 1342 1125 XLIII.
1381 1073 1467 1125 vel
1506 1091 1674 1141 usque
1713 1073 1779 1124 ad
1818 1071 1956 1124 LIII.

270 1166 484 1200 annum.
546 1146 721 1200 Erunt
761 1148 903 1200 enim
943 1147 1075 1215 ipsis
1116 1147 1450 1215 temporibus
1490 1147 1616 1214 <in>
1655 1146 1864 1200 insidiis
1904 1150 1958 1198 et

270 1221 476 1274 damnis
517 1225 569 1273 et
608 1221 662 1273 in
703 1221 890 1274 causis,
970 1220 1072 1273 Sed
1120 1221 1164 1272 si
1213 1226 1454 1290 tempora
1499 1224 1629 1274 tunc
1682 1221 1957 1273 benivolae

271 1295 454 1348 stellae
493 1295 800 1363 habuerint,
837 1295 1194 1364 periculorum
1233 1299 1471 1364 tempore
1518 1295 1583 1346 ab
1631 1295 1749 1347 istis
1791 1295 1956 1347 omni·
1983 1317 2022 1350 15

220 1371 250 1422 8
269 1369 369 1421 bus
407 1371 657 1438 periculis
695 1369 1004 1422 liberantur.
1076 1368 1178 1421 Sed
1211 1372 1333 1422 ante
1365 1368 1570 1421 XXXII
1603 1388 1769 1421 annos
1805 1388 1956 1421 num-

271 1462 429 1512 quam
469 1462 558 1496 eos
593 1443 850 1496 Saturnus
891 1444 1081 1495 ducere
1115 1443 1320 1513 patitur
1351 1462 1556 1511 uxores,
1595 1461 1692 1495 nec
1725 1442 1956 1514 virgines

270 1517 378 1570 illis
429 1536 619 1571 uxores
667 1518 949 1571 dabuntur.
1028 1516 1172 1580 Quae
1223 1519 1268 1570 si
1319 1517 1471 1570 datae
1521 1517 1744 1585 fuerint,
1795 1517 1956 1569 susci-

268 1594 417 1660 pient
457 1592 523 1644 ab
562 1591 646 1644 his
686 1592 828 1644 filios
867 1591 1129 1660 perditOS,
1172 1595 1225 1644 et
1265 1591 1466 1644 alienos
1508 1591 1644 1660 <ab>
1684 1590 1955 1643 amoribus

271 1666 394 1718 suis,
472 1666 786 1736 Peregrinas
836 1684 960 1719 vero
1011 1669 1102 1718 aut
1153 1666 1218 1718 ab
1270 1666 1388 1718 aliis
1441 1669 1707 1734 stupratas
1762 1683 1954 1717 uxores
1979 1687 2022 1719 20

269 1739 496 1794 feliciter
535 1742 836 1792 sortientur.
916 1739 1019 1791 Sed
1068 1743 1198 1792 tunc
1247 1757 1438 1792 uxores
1491 1740 1782 1807 dabuntur,
1834 1757 1954 1792 cum

268 1818 390 1882 post
428 1814 574 1866 XXX
619 1832 784 1866 annos
834 1813 1093 1866 Saturnus
1134 1813 1299 1866 intrat
1346 1814 1400 1866 in
1443 1812 1718 1882 Cancrum,
1766 1817 1856 1865 aut
1898 1814 1954 1865 in

83 1903 281 1942 fol-wll
303 1887 526 1958 Virgine
565 1888 726 1940 fuerit
765 1891 858 1940 aut
895 1887 951 1938 in
994 1887 1315 1957 Capricorno
1357 1889 1692 1941 constitutus.

220 1968 248 2014 9
381 1962 717 2031 [Saturnus
757 1964 820 2014 in
861 1960 1181 2030 Geminis]
1248 1960 1507 2014 Saturnus
1546 1961 1600 2012 in
1635 1959 1871 2013 Geminis
1910 1962 1955 2012 si

268 2036 431 2088 fuerit
476 2036 745 2104 inventus,
798 2037 1021 2104 primam
1070 2039 1297 2088 aetatem
1344 2035 1594 2104 periculis
1635 2039 1688 2088 et
1727 2035 1954 2104 aegritu·
1978 2057 2019 2088 25

269 2110 480 2162 dinibus
514 2110 846 2179 quatiet[ur]‚
877 2113 930 2162 et
968 2110 1125 2162 faciet
1165 2110 1231 2162 ab
1272 2110 1519 2162 omnibus
1559 2108 1954 2161 discriminibus

389 2291 410 2328 1
446 2285 628 2340 perficit
658 2288 682 2337 ζ
706 2286 713 2342 1
740 2285 831 2328 nisi
856 2286 902 2343 a]
934 2285 1025 2328 nisi
1054 2285 1092 2328 si
1119 2288 1157 2328 Δ
1191 2285 1230 2328 si
1260 2288 1305 2328 Γ
1420 2290 1445 2327 2
1480 2286 1609 2327 Luna
1634 2284 1857 2328 Venerem
1887 2283 1951 2341 Γ]

270 2345 400 2387 Luna
425 2347 472 2388 et
488 2344 643 2387 Venus
661 2349 699 2386 N
730 2344 906 2399 Iupiter
921 2349 956 2386 D
1042 2349 1066 2386 3
1093 2344 1184 2400 ipsi
1204 2371 1257 2376 —
1277 2344 1450 2388 viribus
1472 2345 1569 2402 Γ]
1557 2359 1606 2386 in
1622 2343 1821 2400 propriis
1839 2342 1952 2386 locis

270 2406 307 2446 Δ
400 2409 426 2445 4
460 2404 760 2447 conferuntur
791 2406 830 2446 Δ
925 2408 949 2445 6
985 2402 1206 2446 Saturnus
1241 2418 1322 2447 om.
1350 2406 1388 2447 A
1491 2408 1515 2446 9
1550 2403 1686 2460 XIV.]
1723 2402 1838 2446 XIII.
1870 2406 1909 2444 N
1943 2403 1948 2456 l

268 2461 385 2505 XIV.
413 2475 532 2505 anno
571 2465 615 2505 Γ
651 2465 656 2517 Ι
699 2461 880 2505 XXXII.
909 2462 1043 2505 annis
1082 2465 1126 2505 Γ
1163 2465 1168 2517 Ι
1212 2462 1293 2505 sed
1326 2462 1366 2505 si
1397 2476 1490 2518 per.
1518 2464 1658 2517 temp.
1686 2462 1789 2504 ben.
1816 2463 1854 2504 A

276 2527 322 2565 11
358 2521 530 2565 crimen
556 2525 640 2563 An
763 2525 815 2563 12
849 2521 1169 2577 XLIII—LIII]
1202 2521 1279 2564 LII
1302 2526 1340 2563 N
1463 2525 1516 2564 13
1551 2534 1722 2564 annum
1748 2521 1793 2578 a]
1819 2520 1951 2563 annis

267 2585 320 2634 N,
345 2594 426 2624 om.
454 2586 527 2624 cet.
559 2583 563 2636 Ι
593 2581 695 2624 add.
722 2585 802 2622 GN
896 2585 948 2623 16
981 2579 1168 2638 XXXII]
1194 2580 1383 2623 XXXIII
1407 2583 1446 2623 A
1477 2583 1482 2637 Ι
1511 2579 1723 2623 annum?
1740 2583 1764 2631 ζ
1789 2583 1794 2634 Ι
1822 2594 1952 2622 num-

269 2652 409 2694 quam
439 2640 504 2697 Γ]
530 2653 772 2682 numerum
797 2641 835 2682 A
925 2644 976 2682 17
1005 2639 1228 2683 Saturnus
1253 2654 1335 2684 om.
1355 2642 1394 2682 A
1424 2641 1429 2696 Ι
1458 2641 1636 2694 patitur
1660 2639 1826 2682 ducere
1853 2641 1891 2681 A

271 2702 323 2740 19
357 2699 462 2742 add.
489 2702 513 2749 ζ
631 2703 684 2741 21
726 2697 943 2754 feliciter]
984 2697 1250 2754 frequenter
1281 2714 1307 2740 a
1345 2699 1422 2742 sed
1460 2701 1623 2753 optime
1661 2703 1952 2753 opponuntur

269 2758 530 2811 infelicibus
570 2759 802 2814 viv-qimam
844 2758 1020 2812 nuptiis
1061 2758 1212 2811 felices
1248 2759 1597 2815 pereymzarum
1639 2762 1680 2800 et
1719 2762 1951 2811 stuprata-

269 2831 370 2859 rum
521 2821 575 2859 22
609 2830 753 2860 annos
790 2817 855 2872 Γ]
889 2829 1060 2858 annum
1091 2821 1126 2858 D
1177 2830 1400 2859 annorum
1431 2821 1470 2858 N
1511 2819 1516 2870 Ι
1561 2814 1734 2859 Cancro
1768 2831 1801 2856 ω

270 2879 325 2916 24
350 2877 509 2919 lemma
533 2889 615 2919 om.
635 2878 673 2917 A
704 2878 708 2931 Ι
739 2875 832 2918 Sat
853 2874 891 2917 si
916 2874 964 2917 in
990 2874 1115 2918 Gem.
1135 2876 1164 2917 f.
1186 2878 1223 2918 A
1311 2880 1364 2918 26
1391 2876 1572 2930 quatiet
1595 2875 1640 2932 κ]
1660 2874 1897 2928 quatietur
1914 2877 1950 2914 A

268 2934 475 2989 patietur
510 2936 555 2976 Γ
580 2933 679 2989 pati
711 2933 854 2977 faciet
886 2936 923 2976 A
964 2935 969 2989 1
1013 2937 1059 2976 et
1089 2933 1204 2976 facit
1235 2937 1361 2975 ΑΒΝ
