2038 3162
609 733 880 792 LIBER
939 733 1331 802 QUINTUS
1823 758 1999 803 s01.55⁷'1

718 877 1237 948 (PRAEFATIO)
1323 878 1325 881 ·

236 998 486 1066 Maxima,
516 998 765 1067 Mavorti,
799 997 1173 1067 promissionis
1211 1001 1426 1050 nostrae
1469 998 1817 1050 fundamenta
1845 1002 1871 1052 1

126 1073 453 1143 iactavimuS,
486 1076 538 1126 et
574 1072 869 1140 plurimum
909 1091 1006 1141 per
1044 1072 1242 1143 gradus
1286 1071 1528 1142 singulos
1575 1090 1816 1125 crescens

82 1169 102 1202 s
127 1146 341 1200 adultus
390 1165 564 1199 sermo
619 1146 863 1215 profecit.
943 1147 1133 1199 Omnia
1187 1146 1330 1200 enim
1370 1165 1506 1216 quae
1546 1147 1612 1199 ad
1652 1147 1818 1216 expli-

126 1221 353 1274 candum
395 1221 718 1290 quibusdam
758 1220 1001 1274 difficilia
1047 1220 1366 1274 videbantur
1410 1222 1536 1291 <et>
1583 1221 1820 1274 obscuri-

126 1295 253 1348 tatis
293 1295 611 1367 ambagibus
655 1294 912 1363 involuta,
952 1295 1114 1348 docili
1159 1295 1422 1348 sermonis
1462 1295 1819 1364 explicatione

125 1371 556 1423 monstravimus.
634 1368 694 1422 Si
740 1370 922 1438 itaque
970 1387 1140 1438 capax
1186 1369 1463 1440 ingenium
1502 1373 1556 1423 et
1594 1370 1820 1440 flagran-

127 1444 198 1497 tis
246 1444 411 1497 animi
459 1443 720 1497 desiderio
776 1447 1106 1497 commotum
1159 1443 1534 1513 praecedentes
1581 1445 1822 1497 hauserit

64 1541 105 1574 10
126 1517 296 1571 libros
343 1521 396 1571 et
441 1518 512 1571 sit
552 1521 819 1587 oportuna
851 1521 1128 1572 stellarum
1161 1518 1458 1571 radiatione
1491 1521 1821 1587 conceptum,

128 1592 195 1645 ad
245 1593 424 1646 divina
470 1593 626 1646 istius
666 1593 917 1646 scientiae
956 1596 1161 1647 secreta
1209 1593 1500 1663 perveniet,
1548 1596 1602 1646 et
1648 1592 1823 1645 initia-

127 1670 243 1720 tum
283 1667 531 1720 omnibus
563 1667 719 1720 istius
752 1666 1007 1721 scientiae
1040 1667 1338 1736 disciplinis
1370 1670 1548 1720 totum
1580 1667 1822 1719 ordinem

129 1741 338 1794 divinae
386 1741 849 1810 interpretationis
895 1741 1133 1811 accipiet,
1180 1745 1242 1794 ut
1288 1742 1460 1811 possit
1502 1741 1614 1793 fata
1652 1741 1823 1794 homi-

127 1833 258 1867 num
305 1818 359 1868 et
412 1816 651 1868 invenire
699 1817 903 1885 pariter
948 1819 1002 1869 et
1049 1815 1329 1886 explicare.
1410 1814 1513 1868 Sed
1560 1815 1683 1885 plus
1731 1815 1822 1868 ali·
1848 1819 1882 1871 2

66 1911 106 1945 15
131 1890 258 1958 quid
324 1908 354 1940 a
421 1890 578 1944 nobis
648 1894 895 1959 expectat
964 1890 1203 1961 auditor3
1267 1890 1344 1943 sic
1413 1890 1553 1942 enim
1616 1908 1823 1959 praece-

131 1963 370 2017 dentium
415 1964 676 2018 librorum
725 1964 992 2034 principia
1036 1964 1268 2018 formata
1320 1967 1467 2032 sunt,
1514 1967 1576 2016 ut
1626 1982 1691 2016 ex
1738 1963 1824 2016 his

131 2056 266 2107 quae
317 2039 624 2108 scripsimus
680 2039 855 2092 adhuc
904 2038 1122 2092 maioris
1170 2039 1344 2108 operis
1393 2038 1694 2092 substantia
1747 2056 1826 2090 re-

132 2112 389 2181 quiratur.
466 2112 520 2165 N
522 2131 550 2164 e
605 2114 787 2181 itaque
841 2112 1192 2166 desiderantis
1247 2112 1411 2165 animi
1474 2112 1823 2182 cupiditatem

131 2185 266 2238 falsa
313 2186 671 2254 promissione
719 2187 994 2257 decipiam,
1042 2187 1189 2240 omni
1240 2186 1470 2239 invidiae
1519 2187 1689 2239 livore
1741 2186 1826 2238 de-

66 2283 109 2316 20
132 2260 311 2329 posito
367 2263 419 2312 et
475 2262 620 2314 omni
674 2260 908 2314 desidiae
961 2265 1179 2330 torpore
1231 2262 1470 2331 proiecto
1526 2260 1593 2312 ad
1647 2278 1824 2312 cumu-

131 2333 241 2386 lata
286 2334 586 2387 matheseos
635 2338 837 2388 secreta
883 2335 1208 2405 perveniam,
1253 2354 1320 2388 ne
1366 2335 1596 2387 intentio
1636 2338 1731 2387 tua
1769 2335 1825 2387 in

131 2407 263 2477 ipsis
324 2408 604 2478 principiis
670 2409 881 2462 invidae
946 2428 1007 2463 ac
1071 2409 1372 2462 malitiosae
1438 2409 1825 2462 taciturnitatis

131 2482 264 2534 vitio
305 2482 657 2551 relinquatur.
728 2483 954 2537 Plenum
994 2483 1176 2552 itaque
1217 2502 1351 2553 opus
1393 2484 1537 2552 quod
1580 2484 1827 2552 promisi-

253 2616 278 2654 2
312 2613 418 2676 add.
445 2629 472 2655 a
555 2618 583 2656 4
616 2615 664 2658 et
688 2614 734 2672 a]
766 2615 820 2658 ut
911 2619 936 2657 6
966 2615 1073 2659 add.
1093 2627 1157 2659 κσ
1181 2615 1341 2671 (atque
1365 2616 1409 2669 a)
1496 2618 1520 2656 7
1547 2613 1824 2658 obvolutaA

136 2676 162 2714 8
196 2671 262 2715 sic
286 2676 323 2714 A
378 2671 646 2740 ingenium]
680 2673 965 2717 desiderium
989 2677 1026 2716 A
1134 2678 1159 2717 9
1192 2673 1370 2717 auserit
1399 2675 1467 2718 vel
1504 2672 1686 2717 auxerit
1710 2675 1749 2716 Δ

138 2735 190 2774 11
225 2731 447 2775 scientiae
481 2732 680 2790 secreta]
713 2732 752 2776 si
782 2747 839 2777 ss.
866 2735 906 2776 Δ
1024 2738 1078 2776 12
1110 2732 1359 2790 prudentie
1391 2737 1467 2775 Bo
1500 2734 1576 2776 im.
1693 2737 1746 2775 14
1780 2733 1828 2775 et

128 2790 266 2846 prius
296 2804 380 2835 om.
405 2794 486 2833 BN
610 2795 664 2835 15
697 2794 914 2848 expectat
945 2793 1000 2850 Β]
1034 2793 1218 2848 spectat
1261 2792 1264 2848 Ι
1308 2792 1497 2835 auditor
1526 2791 1603 2849 D2]
1637 2791 1826 2835 auditus

136 2849 353 2904 (aviditas
386 2851 509 2906 Boll)
633 2854 685 2894 17
720 2864 842 2905 quae
873 2865 956 2895 om.
982 2856 1021 2894 Ν
1143 2856 1199 2894 20
1232 2863 1288 2894 ex
1320 2865 1359 2895 o.
1387 2851 1430 2894 d.
1457 2863 1649 2907 corpore
1674 2853 1713 2893 Δ

137 2911 191 2951 21
224 2909 329 2951 tuta
351 2911 392 2953 A
516 2913 571 2952 22
603 2909 823 2966 invidiae,
854 2924 966 2956 corr.
993 2923 1056 2954 κσ

226 2988 434 3032 Francos,
458 2990 716 3031 adalh-011,
742 2991 951 3024 Skutsch
976 2997 1011 3023 et
1037 2992 1240 3032 Ziegler.
1270 2993 1320 3023 11.
1536 2990 1554 3025 1
