2084 3192
239 168 347 221 276
967 168 1203 215 -FIRMICI

239 289 394 359 signo
433 289 665 358 positus,
703 289 1063 357 horoscopum
1105 289 1320 358 quidem
1358 289 1493 358 <de>
1532 289 1775 359 trigon0‚'
1811 310 1835 338 *
1858 311 1881 336 *
1903 310 1929 338 *

239 381 364 416 vero
406 361 469 414 de
509 363 768 432 quadrato
800 364 1107 432 respexerit,
1147 363 1204 414 in
1243 362 1353 415 suis
1393 363 1562 433 signis
1600 364 1687 415 vel
1723 363 1782 415 in
1820 364 1930 416 suis

239 436 485 505 partibus
533 439 846 506 collocatus,
893 440 946 489 et
995 437 1148 489 Luna
1194 437 1264 490 sit
1309 437 1366 488 in
1405 437 1622 490 deiectis
1667 437 1802 490 locis
1840 455 1931 505 po-

240 511 362 579 sita,
411 510 618 562 cinaedi
663 513 961 563 nascentur.
1040 510 1097 563 Si
1143 510 1295 562 Luna
1332 510 1516 563 Venus
1554 510 1698 563 Mars
1750 515 1802 563 et
1841 511 1930 564 Sa-

239 588 429 642 turnus
476 584 533 636 in
577 584 850 637 femininis
896 586 1004 637 sint
1058 585 1225 655 signis
1277 585 1546 652 collocati,
1599 585 1656 637 in
1711 585 1929 638 deiectis
1973 607 1993 639 5

240 658 446 711 scilicet
484 659 549 711 ab
590 658 891 727 horoscopo
930 659 1077 728 10018,
1117 662 1170 712 et
1210 659 1317 712 sint
1364 662 1456 711 aut
1496 659 1658 711 simul
1694 659 1930 728 (positi)

202 765 206 768 ·
240 736 332 785 aut
365 732 622 800 quadrati,
653 732 897 801 publicos
930 733 1175 785 cinaedos
1216 733 1471 786 efficiunt.
1535 732 1593 785 Si
1627 751 1752 785 vero
1792 751 1930 786 unus

241 825 307 859 ex
343 806 428 859 his
468 806 717 859 omnibus
757 807 891 859 bene
928 807 1092 859 fuerit
1132 809 1447 876 collocatuS,
1489 807 1650 859 faciet
1685 807 1930 860 homines

151 880 221 933 22
239 881 467 933 latenter
504 880 638 933 haec
675 881 809 933 vitia
851 884 1167 934 exercentes.
1248 880 1306 933 Si
1344 881 1528 933 Venus
1577 884 1630 933 et
1670 879 1930 934 Saturnus

239 954 297 1006 in
333 954 592 1007 feminino
634 954 787 1023 signo
820 955 1114 1024 constituti,
1153 955 1209 1006 in
1242 953 1361 1007 VII.
1395 956 1502 1007 sint
1533 955 1598 1007 ab
1631 955 1929 1024 horoscopo
1951 977 1998 1010 πο

239 1029 357 1081 1000
396 1028 587 1097 positi,
628 1027 720 1080 Sol
758 1047 884 1081 vero
933 1032 985 1080 et
1024 1027 1266 1098 Iuppiter
1312 1032 1366 1080 et
1403 1028 1554 1080 Luna
1602 1032 1654 1080 et
1693 1029 1836 1081 Mars
1877 1030 1929 1081 in

241 1103 458 1154 deiectis
498 1103 606 1156 sint
637 1103 703 1154 ab
737 1102 1035 1171 horoscopo
1068 1103 1202 1155 locis
1233 1104 1414 1172 positi,
1453 1103 1567 1155 sine
1600 1103 1932 1156 dubitatione

240 1177 487 1230 cinaedos
527 1176 782 1229 efficiunt.
863 1176 920 1229 Si
959 1195 1083 1229 vero
1123 1177 1209 1229 his
1242 1178 1488 1229 omnibus
1522 1178 1599 1229 sic
1631 1177 1768 1229 sicut
1800 1177 1931 1230 dixi-

242 1269 360 1303 mus
409 1251 742 1316 constitutiS,
787 1249 1031 1319 Iuppiter
1085 1253 1229 1304 solus
1283 1253 1340 1303 in
1384 1251 1574 1319 primis
1627 1251 1931 1303 cardinibus

239 1325 403 1377 fuerit
449 1325 797 1393 constitutus,
852 1325 1098 1378 cinaedos
1155 1326 1369 1394 quidem
1424 1325 1687 1393 efficiunt,
1739 1326 1829 1377 sed
1876 1325 1933 1378 in
1956 1346 1998 1379 15

186 1430 189 1433 v
239 1399 474 1451 maxima
496 1400 762 1451 honorum
796 1400 966 1469 gloria
998 1401 1336 1467 constitutOS,
1369 1403 1422 1451 et
1454 1399 1648 1467 quibus
1671 1399 1931 1469 regalium

240 1491 520 1525 munerum
562 1473 740 1526 officia
779 1473 1075 1525 credantur.
1154 1473 1211 1525 Si
1250 1491 1376 1526 vero
1425 1473 1501 1526 sic
1546 1473 1630 1526 his
1684 1473 1931 1526 omnibus

242 1547 381 1600 sicut
420 1547 652 1599 diximus
691 1547 901 1616 positiS‚
939 1547 1092 1599 Luna
1123 1547 1181 1599 in
1209 1548 1398 1616 primis
1431 1547 1736 1600 cardinibus
1769 1547 1932 1599 fuerit

156 1621 226 1674 23
245 1621 473 1691 inventa,
521 1621 768 1673 cinaedos
810 1621 1000 1674 divites
1039 1622 1214 1674 faciet.
1290 1621 1473 1673 Venus
1520 1621 1644 1690 <et>
1682 1621 1824 1674 Mars
1875 1622 1932 1673 in

242 1694 467 1763 tropicis
523 1696 691 1765 signis
753 1696 942 1764 positi,
1004 1695 1049 1746 si
1112 1713 1167 1747 se
1223 1695 1480 1764 quadrata
1527 1696 1614 1747 vel
1676 1695 1932 1748 diametra
1955 1716 1998 1748 20

57 1781 206 1824 sol-99²²
218 1784 262 1815 ΙΙ
274 1769 569 1821 radiatione
608 1769 952 1838 respexerint,
991 1770 1048 1821 in
1086 1769 1358 1821 femininis
1399 1769 1603 1822 scilicet
1639 1770 1823 1838 signis,
1863 1770 1931 1822 ci-

242 1843 438 1895 naedos
479 1843 735 1910 efficiunt,
777 1843 868 1894 sed
909 1843 1000 1911 qui
1031 1844 1260 1895 latenter
1290 1843 1375 1895 his
1408 1842 1555 1895 vitiis
1595 1843 1931 1911 inplicentur.

245 1916 302 1969 Si
355 1935 480 1969 vero
537 1917 592 1968 in
648 1916 876 1969 statione
933 1918 1213 1969 constituti
1268 1917 1380 1969 sine
1434 1917 1742 1970 testimonio
1789 1916 1931 1970 Iovis

242 1991 374 2044 haec
413 2010 552 2059 quae
588 1990 818 2043 diximus
858 1991 1191 2059 possederint
1231 1991 1396 2062 signa,
1435 1991 1685 2043 mulieres
1719 1991 1932 2060 quidem

243 2065 547 2117 meretrices
608 2065 947 2133 prostitutaS,
1001 2066 1145 2117 viros
1198 2083 1324 2117 vero
1386 2065 1629 2133 publicos
1685 2065 1930 2118 cinaedos
1956 2084 1998 2118 25

246 2139 500 2191 efficiunt.

370 2305 388 2340 1
424 2298 556 2354 signo
592 2313 676 2343 om.
710 2301 748 2341 Δ
810 2302 814 2354 Ι
872 2299 1177 2355 horoscopum
1211 2301 1250 2357 ζ]
1283 2299 1447 2342 horum
1506 2301 1511 2354 Ι
1569 2300 1675 2343 add.
1709 2301 1733 2351 ζ
1787 2301 1793 2355 Ι
1850 2299 1932 2342 tri·

247 2371 392 2414 gonos
423 2372 536 2402 corr.
568 2360 593 2409 ζ
742 2363 766 2400 2
799 2371 903 2401 vero
936 2373 1019 2402 om.
1053 2361 1137 2401 AB
1195 2360 1201 2414 Ι
1257 2359 1450 2414 respicit
1481 2362 1520 2402 Δ
1670 2364 1696 2401 4
1729 2360 1776 2402 et
1807 2358 1931 2402 Mars

246 2420 325 2459 AB
478 2422 503 2460 5
537 2417 631 2459 sint
663 2417 808 2472 signis
841 2418 901 2474 Δ]
951 2418 1096 2473 signis
1129 2417 1303 2460 fuerint
1334 2417 1431 2460 A'G
1478 2417 1623 2475 signis
1657 2417 1750 2460 sint
1781 2421 1814 2459 B

249 2481 273 2517 6
308 2476 412 2519 add.
448 2477 471 2527 ζ
623 2480 644 2517 7
680 2475 897 2520 cinaedos
937 2477 1149 2532 publicos
1189 2476 1369 2519 faciunt
1400 2479 1439 2519 Δ
1500 2479 1505 2533 Ι
1562 2491 1667 2520 vero
1707 2476 1779 2519 vel
1813 2491 1931 2519 unus

249 2534 503 2577 collocatus
535 2534 692 2578 Venus
725 2549 780 2579 ex
810 2535 883 2578 his
916 2549 956 2578 0.
989 2535 1032 2578 b.
1066 2536 1095 2579 f.
1132 2535 1361 2579 collocata
1391 2540 1430 2577 N
1471 2549 1578 2580 vero
1611 2535 1768 2579 Venus
1801 2548 1855 2579 ex
1887 2535 1930 2578 h.

250 2607 288 2636 0.
323 2593 365 2635 b.
398 2593 429 2635 f.
464 2592 692 2637 collocata
723 2599 758 2635 D
882 2599 933 2636 12
968 2594 1068 2637 loco
1100 2594 1267 2650 positis
1300 2597 1339 2637 Δ
1466 2600 1518 2637 13
1553 2595 1619 2638 810
1651 2609 1733 2638 om.
1759 2597 1859 2637 AB·

252 2657 306 2695 15
342 2653 390 2694 in
422 2654 474 2709 B]
523 2652 561 2695 si
594 2653 642 2695 in
676 2658 709 2694 G
757 2653 796 2695 si
828 2655 866 2697 A
903 2653 1138 2708 (cinaedos
1173 2680 1225 2686 —
1263 2659 1315 2696 16
1350 2654 1626 2697 constitutos
1659 2668 1741 2698 om.
1775 2655 1827 2709 A)

252 2716 306 2754 16
332 2712 612 2755 constitutus
639 2726 751 2756 corr.
777 2716 801 2764 ζ
856 2715 861 2766 Ι
916 2712 1086 2766 quibus
1111 2714 1156 2769 a]
1184 2713 1373 2767 quidem
1397 2717 1479 2754 AG
1511 2713 1703 2768 quidam
1725 2716 1757 2754 B
1792 2712 1866 2754 cui
1891 2715 1929 2755 A

313 2775 364 2812 17
400 2770 465 2812 sic
497 2785 580 2814 om.
614 2773 669 2825 Δ,
702 2771 775 2813 1118
808 2786 890 2814 om.
925 2775 957 2812 B
1093 2776 1145 2813 19
1180 2772 1284 2815 add.
1319 2775 1352 2813 B
1488 2777 1543 2814 20
1575 2772 1739 2827 positis
1772 2773 1811 2813 A

252 2832 304 2871 21
340 2828 524 2872 feminis
557 2833 640 2871 AN
677 2830 918 2885 (feminino
952 2829 1082 2886 signo
1116 2833 1166 2886 B)
1225 2835 1230 2886 Ι
1289 2830 1433 2886 signis
1465 2830 1608 2887 positi
1639 2835 1676 2872 A
1797 2835 1851 2872 22
1884 2829 1931 2872 in

251 2887 323 2929 his
357 2891 395 2930 A
671 2890 677 2896 ’
