2038 3162
256 136 357 181 LIV
635 205 638 207 ·
701 135 1011 180 APPENDIX
1042 135 1497 180 PRAEFATIONIS.

253 269 454 314 invicem
492 270 599 314 add.
633 268 780 326 signis
819 271 902 313 aut
939 269 989 314 in
1028 269 1123 313 suis
1154 274 1194 312 N
1231 270 1350 315 idem
1381 274 1423 314 ct
1453 271 1645 315 alterum
1678 269 1881 313 inuicem
1911 284 1948 314 α

256 342 299 374 2ο
331 331 432 373 arte
464 329 521 388 α]
555 329 831 385 praesertim
862 333 902 372 N
978 342 1019 374 27
1053 342 1194 373 causa
1224 330 1326 374 hab.
1350 333 1390 371 N
1421 343 1504 374 om.
1529 344 1565 373 α
1641 341 1685 373 ³0
1714 328 1951 385 partiliter

256 393 340 432 Na
418 389 697 432 constitutus
729 389 786 446 α]
817 388 930 431 -tuti
960 393 1000 431 N
1123 388 1255 433 1802
1296 388 1542 432 constituit
1570 389 1673 433 hab.
1698 403 1733 432 α
1767 391 1840 444 (=
1857 387 1946 446 A')]

257 447 480 492 constitui
510 452 550 490 N
611 447 795 492 actibus
827 463 863 491 α
895 450 969 504 (=
988 446 1121 506 QA')]
1154 447 1416 491 actionibus
1448 452 1487 490 N
1563 460 1586 492 4
1615 447 1834 504 impediti
1863 451 1947 491 Na

258 510 584 551 ammouentur
612 511 652 549 N
683 510 757 563 (=
775 508 871 562 PV)
904 507 1281 551 admonebuntur
1310 522 1346 551 α
1378 508 1454 563 (cf.
1477 507 1532 563 R.)
1647 520 1668 551 6
1700 508 1748 550 et
1778 506 1949 562 quibus

257 581 417 610 eorum
446 571 486 609 N
563 579 582 610 7
613 565 663 609 in
694 581 777 611 om.
803 570 887 610 Na
921 568 994 623 (=
1011 569 1065 623 V)
1147 580 1189 610 11
1220 566 1370 610 Marte
1401 570 1440 609 N
1500 565 1736 623 partiliter
1767 581 1802 610 α
1834 571 1875 610 et
1906 579 1949 610 18

256 639 300 670 14
330 627 378 669 et
409 640 492 670 om.
517 630 601 669 Na
702 638 744 670 18
777 624 938 680 aliqua
971 639 1019 669 se
1050 630 1135 669 Na
1235 638 1276 670 17
1307 625 1383 670 vel
1411 626 1513 670 hab.
1540 642 1575 670 α
1609 629 1682 681 (--
1699 625 1769 682 Δ’)
1800 639 1884 670 om.
1909 629 1949 668 N

174 696 177 698 ·
254 684 538 728 fiscaliorum
562 689 646 728 Na
708 697 750 729 20
776 684 1104 728 consueuerint
1127 689 1166 727 N
1228 697 1271 729 24
1293 684 1459 728 Martis
1483 685 1585 729 hab.
1609 689 1648 727 N
1671 683 1885 741 mercurij
1912 699 1948 728 α

255 756 296 788 27
328 744 616 801 pugnatores
647 748 686 786 N
751 743 840 787 181
859 756 882 787 4
914 745 1050 788 domo
1082 757 1193 787 uero
1223 760 1258 788 a
1290 746 1363 801 (=
1381 746 1557 800 MR‘V)
1618 756 1638 788 5
1669 744 1948 801 supplemen-

255 809 351 848 tum
366 802 419 846 A‘
435 805 536 848 hab.
554 807 639 847 Na
697 816 717 848 8
741 803 858 847 facit
881 808 920 846 N
936 806 1011 859 (=
1029 805 1083 860 V)
1140 816 1158 847 7
1184 804 1390 862 suorum]
1409 817 1567 847 eorum
1584 808 1623 846 N
1647 817 1731 847 om.
1750 819 1785 847 α
1847 815 1867 848 9
1892 817 1948 848 ex

255 877 339 908 om.
365 867 450 907 Na
512 875 555 907 10
586 862 857 906 Immutatio
882 863 1007 906 enim
1031 878 1066 907 α
1098 864 1172 919 (=
1189 862 1279 922 A‘)]
1310 863 1363 906 In
1387 862 1648 906 mutatione
1671 867 1711 905 N
1771 875 1814 907 12
1845 861 1948 906 loco

256 921 351 981 <ab
375 921 666 980 horoscopo>
693 926 732 964 N
763 925 914 966 marte
940 922 1036 979 <ab
1061 923 1278 980 horosc.)
1302 922 1538 978 partiliter
1570 937 1605 966 α
1683 934 1724 966 18
1757 921 1871 977 quid
1889 948 1944 954 -

255 981 479 1039 ostendit]
509 983 619 1026 haec
647 983 810 1026 habuit
838 986 877 1024 N
907 983 985 1026 sed
1011 983 1152 1027 erasit
1181 988 1223 1027 et
1251 983 1435 1039 scripsit
1466 996 1581 1038 quac
1610 995 1694 1026 ‘nos
1716 982 1782 1026 II
1789 996 1840 1038 p.
1859 984 1947 1025 551

251 1042 542 1097 praebemus;
573 1041 840 1098 deprompta
862 1042 971 1086 haec
994 1055 1084 1086 esse
1107 1056 1163 1086 ex
1186 1057 1237 1096 α,
1268 1042 1350 1086 ubi
1364 1046 1471 1098 post
1501 1045 1550 1084 et
1573 1040 1698 1084 Mars
1729 1042 1948 1097 impressa

255 1102 483 1158 leyuntur,
513 1115 615 1145 cum
638 1101 815 1145 mercdis
837 1102 1149 1146 communibus
1181 1102 1263 1158 (ut,
1290 1100 1576 1152 commertia,
1601 1099 1826 1157 iniurgat)
1851 1105 1947 1144 tum

254 1174 302 1204 eo
328 1161 568 1216 probatur,
599 1160 719 1216 quod
749 1164 788 1202 N
819 1161 887 1204 ibi
914 1161 1028 1217 siylo
1061 1172 1089 1205 ι
1115 1175 1203 1217 pro
1236 1162 1283 1204 et
1313 1174 1425 1205 usus
1455 1165 1531 1215 est,
1563 1160 1684 1216 quod
1709 1160 1762 1203 iu
1786 1175 1821 1203 α
1853 1160 1948 1204 usi-

254 1225 421 1274 tatum,
465 1220 520 1264 ab
552 1224 591 1262 N
622 1225 814 1263 ceterum
844 1220 957 1265 adeo
989 1220 1190 1264 alienum
1221 1225 1304 1274 est,
1335 1225 1387 1264 ut
1417 1234 1501 1264 nos
1531 1221 1638 1264 olim
1665 1233 1751 1275 pro
1782 1234 1805 1262 r
1837 1219 1948 1276 leyc-

254 1281 400 1323 rimus
437 1284 479 1323 et
501 1294 550 1335 p.
578 1283 663 1323 551
698 1278 984 1336 sirreligiosa
1014 1280 1348 1336 scripserimus,
1380 1293 1482 1324 cum
1519 1293 1674 1323 revera
1706 1284 1746 1323 et
1776 1282 1815 1320 N
1847 1283 1888 1322 et
1911 1293 1947 1321 α

256 1338 296 1381 si
335 1353 365 1384 ι
402 1337 625 1395 religiosa
664 1339 928 1395 praebcant.
990 1339 1349 1383 Emeudaudum
1386 1339 1552 1396 iyitur:
1596 1337 1947 1394 pertrahuntur,

259 1399 341 1441 aut
372 1399 443 1454 (ut
473 1400 573 1453 Na)
606 1412 749 1453 pravo
790 1397 1065 1454 cupiditatis
1106 1398 1271 1442 ardore
1303 1397 1598 1456 <posses>si,
1640 1398 1687 1440 et
1723 1396 1948 1454 religiosa

255 1456 366 1500 fidei
390 1457 667 1501 commercia
691 1456 799 1513 (-tia
821 1460 920 1514 Na)
946 1457 1223 1513 polluentes,
1250 1457 1599 1501 commendatas
1622 1469 1695 1499 res
1714 1456 1948 1512 abnegare

257 1517 499 1571 conantur,
530 1519 584 1561 ut
615 1531 670 1560 ex
701 1516 794 1560 ista
825 1531 909 1573 eqs.
940 1518 1023 1573 (ita
1056 1518 1216 1561 melius
1248 1531 1388 1572 quam
1411 1518 1521 1561 ut..
1541 1551 1550 1559 .
1578 1518 1802 1560 conentur
1826 1515 1946 1571 quod

251 1591 299 1632 p.
324 1579 411 1620 551
443 1577 724 1632 scripsimus)
839 1589 882 1620 2ο
914 1589 996 1620 om.
1022 1581 1060 1618 N
1092 1575 1160 1619 De
1190 1575 1406 1631 mercurij
1442 1578 1488 1619 et
1519 1575 1697 1620 veneris
1729 1574 1946 1618 coniunc-

255 1635 383 1679 tione
417 1650 451 1678 α
485 1636 559 1691 (cf.
587 1638 640 1691 V)
704 1648 745 1679 21
777 1634 917 1679 Merc.
951 1637 999 1679 et
1022 1635 1136 1679 Ven.
1162 1637 1282 1692 part.
1314 1635 1364 1678 in
1394 1636 1492 1680 hor.
1517 1640 1557 1677 N
1588 1635 1649 1679 M.
1676 1636 1723 1678 et
1746 1633 1800 1677 V.
1826 1634 1875 1677 in
1899 1633 1944 1676 h.

257 1696 376 1751 part.
402 1709 437 1737 α
471 1695 547 1750 (cf.
571 1695 627 1752 V)
689 1707 731 1739 25
762 1694 982 1738 iubentur
1013 1710 1048 1738 α
1081 1695 1327 1739 videantur
1356 1699 1396 1737 N
1460 1693 1553 1738 182
1572 1707 1591 1738 2
1622 1693 1833 1751 praesint
1862 1697 1946 1737 Na

258 1753 513 1810 horoscopo
540 1753 777 1810 partiliter
800 1769 835 1797 α
897 1767 916 1798 3
942 1754 1023 1810 qui
1048 1768 1132 1798 om.
1149 1759 1188 1796 N
1255 1767 1277 1798 4
1301 1756 1641 1808 consequentur
1663 1757 1703 1795 N
1772 1765 1814 1797 10
1839 1766 1942 1810 gra-

255 1813 352 1856 tiae
382 1814 484 1856 hab.
509 1817 593 1856 Na
656 1827 697 1858 12
722 1819 762 1858 et
788 1826 829 1857 29
853 1813 1091 1869 partiliter
1114 1829 1150 1857 α
1213 1826 1254 1857 13
1283 1813 1364 1869 qui
1395 1828 1478 1858 om.
1504 1817 1543 1855 N
1597 1813 1885 1868 occupantur
1907 1816 1947 1854 N

257 1884 298 1916 15
329 1872 507 1928 pariter
536 1873 638 1916 hab.
664 1874 717 1929 N]
753 1872 970 1929 operibus
996 1888 1031 1916 α
1060 1876 1132 1929 (=
1150 1872 1218 1927 A')
1273 1873 1463 1916 vitiosos
1495 1877 1578 1915 Na
1648 1870 1743 1915 183
1761 1883 1780 1915 2
1811 1871 1946 1914 bonis

259 1933 341 1975 aut
372 1931 624 1975 instructos
716 1943 736 1976 5
767 1938 808 1976 et
840 1945 882 1976 18
912 1938 953 1976 et
984 1944 1027 1976 24
1056 1931 1292 1988 partiliter
1323 1948 1358 1976 α
1450 1945 1470 1976 6
1501 1945 1696 1986 magnos
1727 1929 1946 1986 phyloso-

254 1991 374 2047 phos
405 1995 444 2033 N
506 2004 523 2034 7
557 1990 772 2034 omnibus
804 1996 843 2033 N
903 2004 924 2035 8
957 1991 1283 2035 consueuerint
1314 1995 1352 2033 N
1413 2003 1433 2035 9
1458 2005 1563 2033 cum
1594 1990 1766 2034 Venere
1798 2003 1882 2034 om.
1907 1994 1946 2032 N

258 2053 330 2106 (=
347 2051 401 2105 V)
464 2063 505 2094 19
538 2050 681 2094 uariis
715 2050 898 2094 actibus
930 2055 970 2093 N
1001 2053 1131 2094 actus
1163 2050 1283 2094 varii
1314 2050 1497 2106 generis
1530 2065 1565 2093 α
1597 2053 1670 2107 (=
1687 2048 1754 2104 A')
1825 2061 1866 2093 19
1899 2050 1946 2092 et

255 2109 499 2153 felicitatis
523 2124 609 2154 om.
626 2114 710 2153 Na
758 2109 1111 2168 (facultatum)
1129 2109 1329 2166 largitur
1353 2125 1387 2151 α
1443 2122 1485 2153 2ο
1509 2126 1539 2152 α
1563 2110 1664 2153 hab.
1681 2113 1765 2152 Na
1790 2111 1862 2165 (=
1876 2107 1944 2164 A')

258 2167 352 2213 184
372 2182 390 2212 1
423 2171 764 2224 consequentur
793 2171 894 2213 hab.
919 2174 1003 2213 Na
1034 2173 1106 2226 (==
1125 2168 1234 2224 QA')
1297 2181 1340 2213 10
1362 2169 1456 2227 vel]
1489 2167 1631 2224 ijdem
1662 2173 1702 2210 N
1727 2170 1774 2211 et
1798 2182 1833 2211 α
1861 2169 1867 2223 Ι
1895 2167 1944 2210 in

257 2242 369 2271 auro
401 2233 439 2270 N
513 2241 554 2272 12
587 2228 793 2271 colorum
825 2244 860 2271 α
893 2231 965 2285 (-—-=
983 2227 1071 2287 A‘)]
1103 2228 1317 2271 lanarum
1348 2233 1387 2270 N
1461 2240 1503 2271 14
1534 2227 1798 2284 myropolas
1831 2241 1942 2271 corr.

255 2302 311 2331 ex
341 2287 506 2343 mirop.
531 2292 570 2329 N
601 2301 781 2343 murop.
806 2303 841 2331 α
915 2299 956 2331 15
989 2291 1125 2331 erunt
1155 2302 1239 2332 om.
1265 2303 1299 2331 a
1331 2290 1403 2343 <=
1421 2286 1488 2342 A')
1566 2299 1607 2331 17
1639 2286 1941 2344 quaerantur]

257 2347 556 2390 conferantur
587 2361 622 2390 α
654 2351 695 2390 ct
725 2351 764 2388 N
795 2349 846 2391 in
876 2362 995 2401 ras.;
1024 2348 1204 2391 videtur
1233 2348 1374 2401 fuisse
1405 2347 1690 2402 quaerantur
1765 2358 1807 2389 19
1838 2359 1943 2401 par-

256 2405 405 2449 tiliter
437 2421 472 2449 α
535 2418 574 2449 21
607 2405 828 2450 uxoribus
860 2411 899 2448 N
960 2418 1001 2450 22
1034 2407 1061 2458 <
1069 2406 1284 2464 semper>
1317 2405 1514 2449 infames
1546 2410 1585 2447 N
1646 2417 1688 2449 23
1719 2418 1803 2460 per
1833 2418 1943 2448 noc-

256 2467 351 2508 tem
390 2464 440 2507 in
478 2465 567 2508 hoc
604 2464 707 2508 loco
739 2469 823 2509 Na
952 2477 994 2509 25
1030 2464 1292 2509 conferetur
1323 2480 1358 2508 a
1391 2467 1462 2521 (=
1480 2463 1567 2522 A‘>]
1609 2463 1874 2507 conferatur
1905 2467 1943 2505 N

258 2536 299 2568 26
331 2523 539 2567 maxima
569 2528 607 2566 N
640 2527 711 2580 (=
729 2526 782 2578 V)
877 2523 968 2567 185
988 2537 1007 2568 2
1038 2524 1273 2580 partiliter
1304 2539 1339 2567 α
1413 2536 1433 2567 ³
1465 2536 1696 2579 apocopes
1727 2527 1766 2565 N
1798 2536 1944 2578 appo-

258 2597 396 2639 copes
428 2598 463 2626 α
524 2595 547 2626 4
577 2582 823 2626 laboriosis
855 2598 890 2626 α
938 2586 985 2626 et
1016 2597 1099 2627 om.
1125 2588 1208 2627 Na
1253 2582 1456 2638 negotiis
1487 2587 1570 2625 Na
1632 2593 1651 2626 5
1684 2582 1861 2639 autem]
1894 2581 1943 2624 in

258 2642 355 2685 vita
378 2646 417 2683 N
449 2643 521 2698 (cf.
548 2643 602 2696 V)
634 2656 717 2686 om.
745 2658 779 2686 α
844 2654 861 2685 7
895 2643 995 2700 aut]
1027 2644 1080 2685 ut
1104 2646 1143 2684 N
1174 2656 1257 2687 om.
1283 2657 1318 2685 α
1380 2654 1400 2685 8
1425 2640 1595 2685 corioci
1619 2645 1658 2682 N
1690 2640 1883 2683 corroici
1907 2655 1942 2682 α

259 2700 513 2757 apopletici
544 2705 626 2744 Na
689 2713 708 2745 9
739 2701 975 2757 partiliter
1004 2705 1043 2743 N
1112 2714 1154 2745 10
1185 2700 1330 2744 faciet
1360 2716 1394 2744 α
1426 2700 1543 2743 facit
1573 2704 1612 2742 N
1680 2711 1721 2743 13
1753 2698 1943 2754 quidem

258 2764 340 2803 Na
374 2763 445 2816 (=
463 2761 516 2815 V)
579 2773 620 2803 14
650 2760 780 2803 uitae
809 2760 1069 2803 subsidium
1100 2764 1183 2803 Na
1246 2772 1286 2804 17
1319 2761 1367 2803 et
1389 2759 1653 2802 inventores
1683 2762 1767 2801 Na
1829 2771 1871 2802 18
1896 2760 1944 2801 et

260 2819 340 2873 qui
365 2833 447 2862 om.
466 2823 505 2860 N
529 2818 609 2874 qui
634 2815 716 2863 o'm.
735 2835 770 2863 α
817 2821 1158 2873 consequentur
1180 2823 1220 2861 N
1282 2831 1323 2862 2ο
1346 2818 1580 2874 partiliter
1602 2821 1641 2859 N
1698 2829 1739 2861 21
1763 2818 1942 2872 supple-

257 2883 454 2921 mentum
479 2876 529 2919 A'
560 2879 661 2922 hab.
688 2894 721 2920 α
747 2884 787 2922 et
811 2883 863 2931 N,
898 2880 979 2933 qui
1008 2879 1107 2922 hab.
1134 2878 1441 2921 vaticinantes
1477 2877 1483 2933 Ι
1519 2876 1697 2919 dabunt
1719 2880 1758 2918 N
1782 2879 1853 2933 (=
1873 2876 1941 2933 Q)]

261 2936 395 2979 dabit
423 2952 458 2980 α
558 2950 599 2980 22
632 2937 793 2995 altius]
827 2940 957 2980 actus
989 2942 1028 2979 N
1060 2938 1186 2980 artus
1219 2952 1254 2980 α
1344 2935 1488 2979 levari
1519 2940 1557 2978 N
1589 2938 1661 2992 (=
1681 2935 1841 2994 Qbe)]
1874 2934 1942 2978 la-
