2066 3192
218 128 287 181 88
942 125 1171 171 FIRMIGI

214 249 528 320 prosternit,
569 251 620 300 et
659 248 836 316 ipsum
875 247 1064 300 acerba
1101 247 1462 317 periculorum
1501 248 1902 301 continuatione

218 323 587 390 circumvenit,
638 326 691 375 et
737 340 802 375 ex
846 321 1097 392 malignis
1142 321 1460 375 humoribus
1508 323 1690 393 gravia
1735 323 1902 393 aegri-

216 398 416 451 tudinis
462 397 650 450 indicit
695 396 871 464 exitia,
922 399 976 448 et
1020 395 1181 449 variis
1229 415 1469 450 errorum
1508 397 1704 449 efficiet
1741 396 1903 449 infor-

215 472 381 524 tuniis
435 471 674 541 fatigari,
736 473 789 523 et
841 470 1170 522 matrimonii
1225 473 1278 523 et
1330 470 1551 523 honoris
1606 471 1798 523 damna
1851 475 1905 524 et

216 547 474 599 iacturam
522 563 726 613 semper
772 544 974 597 indicit.
1052 543 1156 598 Sed
1194 548 1248 597 et
1287 544 1473 614 si[cut]
1521 545 1744 598 aliarum
1783 545 1905 597 stel-
1951 565 1970 598 5

215 621 387 674 larum
448 619 712 689 praesidio
773 619 994 688 nuptiae
1056 618 1294 672 decretae
1346 619 1566 687 fuerint,
1627 619 1731 672 ista
1783 637 1904 673 oon-

176 695 417 747 ,iunctio
480 694 662 746 uxoris
723 693 962 745 animum
1023 693 1213 746 acerba
1272 693 1515 746 odiorum
1578 693 1906 746 dissensione

217 771 507 838 exasperat.
566 766 670 820 Sed
703 771 756 819 et
787 767 1035 820 omnibus
1067 768 1360 820 amicorum
1392 770 1445 820 et
1475 768 1711 820 filiorum
1744 768 1904 821 etiam

215 843 345 896 facit
381 842 660 912 praesidiis
702 841 1001 894 destitutos,

1028 1018 1092 1071 X.

168 1109 195 1162 1
327 1123 643 1193 [Iuppiter
676 1126 735 1176 et
765 1123 931 1176 Mars
966 1123 1301 1192 quadrati]
1337 1123 1394 1177 Si
1417 1122 1661 1193 Iuppiter
1686 1127 1739 1177 et
1762 1123 1907 1176 Mars

217 1199 476 1266 quadrata
520 1199 720 1250 fuerint
767 1197 1063 1250 radiatione
1113 1197 1408 1267 coniuncti,
1462 1201 1516 1250 et
1562 1198 1737 1251 dextri
1784 1217 1909 1267 qua-

218 1273 357 1325 drati
388 1271 632 1342 Iuppiter
672 1273 1000 1342 superiorem
1033 1272 1313 1340 possidens
1351 1275 1556 1341 partem
1596 1273 1652 1324 in
1692 1272 1907 1325 sinistro

217 1347 475 1415 quadrato
530 1346 759 1399 Martem
814 1346 1165 1399 constitutum
1220 1346 1415 1399 minaci
1475 1347 1771 1399 radiatione
1832 1365 1909 1399 re-

217 1422 466 1490 spexerit,
518 1422 620 1473 ista
659 1421 963 1474 coniunctio
1004 1420 1269 1472 maximae
1307 1420 1510 1491 gloriae
1551 1421 1786 1475 decernit
1833 1421 1908 1473 in-
1934 1441 1976 1475 15

218 1497 413 1566 signia,
469 1498 522 1548 et
582 1495 682 1548 hos
747 1495 959 1548 eosdem
1013 1494 1155 1547 bona
1209 1494 1645 1548 conmendatione
1701 1513 1910 1565 semper

166 1570 469 1638 2insinuat,
508 1573 561 1622 et
599 1569 833 1639 gloriosa
872 1569 1136 1621 honorum
1171 1569 1406 1622 decernit
1445 1568 1689 1640 insignia.
1754 1567 1908 1622 Alios

55 1655 228 1698 sol-7001
248 1644 570 1697 militaribus
609 1644 770 1696 faciet
810 1643 1003 1695 officiis
1043 1643 1302 1712 inplicari,
1343 1643 1476 1696 alios
1514 1644 1784 1714 regalibus
1825 1643 1910 1695 de-

216 1721 373 1788 putat
414 1718 677 1786 domibu5‚
718 1721 769 1770 et
806 1716 1071 1770 nobilium
1112 1735 1172 1769 ac
1206 1717 1547 1786 publicorum
1578 1721 1793 1771 actuum
1826 1717 1909 1770 de-

218 1792 387 1845 cernit
427 1792 618 1846 officia.
688 1791 837 1845 Facit
875 1791 994 1844 istis
1029 1791 1369 1861 negotiorum
1403 1792 1595 1845 officiis
1629 1791 1909 1860 sublevari,
1933 1813 1976 1844 20

218 1871 278 1919 ut
323 1867 454 1919 haee
498 1867 715 1937 negotia
763 1885 884 1919 cum
925 1866 1157 1918 maximo
1199 1870 1592 1934 consequantur
1632 1866 1908 1937 dignitatis

1932 1055 1975 1088 10

340 2059 400 2113 (1)
433 2057 539 2111 περὶ
561 2055 623 2117 δὲ
655 2056 736 2101 τὸν
767 2053 996 2113 τεχθέντα
1027 2057 1204 2100 πυκναὶ
1236 2053 1367 2101 νόσοι
1399 2057 1478 2100 καὶ
1511 2055 1708 2112 μάλιστα
1734 2052 1836 2100 ἐκ
1809 2073 1910 2113 ρευ-

219 2115 388 2173 μάτων,
428 2152 435 2158 .
537 2118 598 2173 (5)
640 2115 680 2160 εἰ
722 2114 771 2160 δὲ
806 2116 949 2166 ἄλλως
981 2114 1192 2172 εἵμαρται
1224 2116 1305 2159 καὶ
1338 2132 1483 2172 γαμος
1514 2123 1569 2174 τῇ
1601 2115 1790 2173 γενέσει,
1824 2116 1909 2159 οὐκ

219 2176 438 2226 εὐνοϊκῶς
486 2173 574 2229 εξει
624 2175 739 2231 πρὸς
781 2182 947 2219 τοῦτον
981 2174 1010 2231 ἡ
1047 2174 1189 2232 γυνή·
1255 2175 1488 2230 σφαλερὸν
1523 2175 1574 2219 τὸ
1612 2182 1761 2234 σχῆμα
1804 2175 1908 2228 περὶ

218 2234 276 2278 τὰ
307 2233 459 2279 τέκνα.
583 2239 636 2278 15
682 2238 783 2288 171,
808 2238 836 2278 4
883 2231 1035 2290 δόξης,
1084 2233 1351 2290 συστασεως,
1401 2231 1608 2285 εὐκλείας
1653 2235 1732 2278 καὶ
1778 2239 1911 2290 τιμῆς

220 2293 385 2344 αἶ’·τιος
437 2296 525 2350 (18)
560 2293 604 2337 οἱ
637 2294 719 2349 μὲν
751 2294 802 2338 ἐν
833 2292 1082 2368 βασιλείοις
1120 2294 1283 2343 αὐλαῖς
1319 2292 1709 2349 αναστρέφονται,
1742 2294 1833 2351 (17)
1866 2292 1910 2337 οἱ

220 2352 271 2397 δὲ
304 2353 353 2398 ἐν
386 2351 673 2427 στρατείαις
677 2350 806 2407 εἰσίν,
839 2354 928 2409 (19)
955 2351 1000 2396 οἱ
1033 2351 1083 2397 δὲ
1119 2351 1176 2396 τὰ
1208 2350 1407 2409 δημόσια
1438 2367 1747 2408 πραττοντες.

340 2521 364 2558 2
399 2516 446 2559 et
485 2528 541 2558 ex
573 2515 617 2572 κ]
653 2517 699 2558 et
731 2513 780 2556 A‘
827 2528 881 2558 ex
921 2521 996 2559 cet.
1026 2517 1032 2571 Ι
1061 2514 1192 2572 gravi
1236 2517 1308 2569 ΓΙ
1336 2529 1474 2572 grave
1612 2515 1804 2558 exitium
1837 2529 1862 2557 σ
1901 2514 1904 2570 ξ

222 2574 530 2631 aegritudinis
561 2576 620 2632 N]
655 2574 948 2630 aegritudine
1086 2578 1111 2616 3
1146 2573 1319 2617 efficiet
1343 2575 1405 2631 Δ]
1439 2574 1562 2619 effici
1594 2577 1641 2619 et
1678 2577 1723 2617 Γ
1749 2573 1910 2630 (efficit

223 2636 269 2677 et
300 2636 353 2688 A)
469 2638 494 2676 ὅ
526 2634 610 2678 del.
636 2635 701 2685 κζ
821 2638 845 2677 6
878 2634 1054 2688 nuptae
1085 2646 1197 2678 corr.
1223 2636 1290 2685 κζ
1314 2635 1320 2689 Ι
1349 2633 1564 2677 decretae
1596 2634 1652 2691 A]
1686 2633 1873 2677 decreta
1901 2633 1906 2690 1

222 2693 364 2736 fuerit
389 2695 427 2736 Δ
523 2698 544 2734 7
580 2693 749 2736 acerba
782 2693 853 2736 od.
883 2692 1171 2736 dissensione
1203 2693 1309 2749 AA]
1345 2692 1535 2736 acerbas
1570 2692 1643 2736 od.
1669 2705 1798 2735 -ones
1831 2698 1909 2736 cet.

227 2753 272 2795 Γ
358 2757 383 2795 8
411 2765 568 2795 omnes
593 2766 703 2796 corr
723 2755 747 2803 ζ
771 2754 776 2807 Ι
806 2751 948 2794 etiam
973 2765 1054 2795 om.
1081 2754 1120 2794 Δ
1208 2755 1232 2794 9
1258 2753 1306 2795 et
1330 2751 1578 2795 destitutos
1603 2753 1642 2794 Δ
1731 2755 1784 2794 13
1808 2764 1910 2806 pre-

225 2810 379 2853 sidens
405 2811 641 2866 partiliter
666 2813 704 2866 A
801 2815 855 2854 14
883 2810 1044 2852 Mart-is
1077 2810 1283 2865 positum
1315 2812 1354 2853 Δ
1450 2816 1504 2853 15
1535 2809 1739 2853 maxima
1771 2812 1810 2852 Δ

226 2873 279 2913 17
314 2871 360 2912 et
393 2869 508 2912 alios
535 2872 572 2912 Δ
670 2859 723 2912 18
756 2869 988 2925 implicari
1021 2869 1067 2926 a]
1099 2868 1330 2924 publicari
1424 2874 1477 2912 19
1510 2868 1789 2912 nobiliorum
1826 2870 1871 2911 Γ
1901 2869 1905 2926 l

225 2928 519 2983 publicarum
548 2931 587 2971 A
682 2933 734 2971 21
770 2930 1079 2984 consequatur
1114 2930 1160 2971 Γ
