2084 3192
652 749 892 809 LIBER
938 748 1312 811 OCTAVUS.

921 919 925 925 ·
963 893 1006 947 I.

247 998 403 1051 Nihil
441 999 585 1051 aliud
621 999 678 1050 in
716 998 818 1051 hac
855 999 997 1050 vitae
1033 997 1293 1051 brevitate
1323 997 1675 1050 laborandum
1707 1011 1800 1050 no·
1819 1003 2013 1053 sot-101*

137 1073 220 1125 bis
254 1076 334 1126 est
364 1073 595 1126 Mavorti
628 1073 787 1126 decus
818 1075 1076 1141 nostrum,
1114 1071 1220 1124 nisi
1258 1075 1321 1124 ut
1358 1073 1558 1125 terreni
1589 1073 1830 1142 corporis
1850 1071 1878 1122 1

91 1168 110 1200 5
135 1147 258 1200 labe
295 1150 538 1218 purgata,
591 1151 643 1199 et
682 1147 971 1215 amputatis
1011 1147 1056 1198 si
1093 1147 1212 1217 fieri
1249 1149 1430 1216 potest
1469 1147 1717 1199 omnibus
1756 1147 1830 1198 vi-

138 1221 229 1274 tiis
267 1222 352 1273 vel
393 1223 534 1274 certe
563 1221 840 1290 plurimis,
886 1217 1248 1290 incorruptam
1291 1221 1456 1273 animi
1496 1220 1831 1274 divinitatem

140 1299 194 1347 et
241 1298 390 1348 nulla
439 1295 697 1348 scelerum
737 1296 1057 1366 contagione
1094 1298 1358 1364 pollutam
1399 1295 1603 1347 auctori
1643 1298 1829 1348 nostro

140 1369 420 1422 reddamus
460 1369 574 1437 de0,
606 1387 673 1421 ne
705 1369 914 1422 divinae
944 1369 1312 1422 fabricationis
1344 1370 1691 1422 inmemorem
1724 1365 1833 1421 ani-

140 1461 288 1496 mum
341 1447 587 1496 nostrum
641 1443 850 1496 vitiosis
903 1443 1186 1496 libidinum
1247 1444 1453 1512 laqueis
1516 1443 1831 1512 inpli'catum

78 1539 116 1571 ιο
139 1521 414 1586 tamquam
469 1517 769 1587 proiectum
822 1535 920 1586 per
972 1517 1287 1588 praecipitia
1338 1517 1637 1587 perdamus,
1713 1515 1884 1570 Hoc2

140 1594 221 1644 est
260 1592 402 1644 enim
442 1593 587 1661 quod
625 1610 721 1660 per
758 1591 869 1643 dies
909 1592 1149 1662 singulos
1181 1595 1453 1644 terrenum
1486 1610 1688 1661 corpusv
1713 1610 1834 1660 ope-

138 1670 302 1735 ratur,
340 1670 404 1718 ut
440 1666 611 1736 possit
644 1684 798 1718 suum
841 1666 1081 1719 divinum
1119 1667 1370 1736 spiritum
1418 1669 1472 1718 et
1518 1667 1698 1735 pravis
1747 1683 1834 1718 cu-

139 1739 424 1808 piditatum
472 1739 844 1809 voluptatibus
893 1743 1209 1809 occupatum
1258 1743 1311 1792 et
1349 1740 1544 1793 blanda
1584 1740 1835 1793 sollicita-

142 1815 290 1867 tione
345 1814 624 1883 deceptum
680 1815 907 1868 caducae
965 1814 1250 1885 fragilitati
1316 1833 1442 1867 suae
1490 1833 1698 1882 semper
1747 1814 1835 1866 ad-

76 1908 118 1941 15
142 1891 369 1956 nectere,
406 1892 468 1941 ut
499 1890 771 1941 demersus
804 1889 1012 1941 animus
1045 1892 1098 1941 et
1127 1889 1502 1957 pessumdatus
1541 1906 1835 1956 numquam

142 1961 363 2032 originis
404 1979 529 2015 suae
567 1964 739 2030 possit
776 1963 1015 2015 invenire
1052 1964 1329 2032 principia,
1369 1963 1461 2015 sed
1500 1964 1556 2015 in
1586 1962 1835 2014 tenebras

63 2066 67 2069 -
142 2054 347 2105 semper
387 2035 444 2088 in
482 2054 810 2105 caenumque
849 2038 1120 2105 proiectus
1159 2037 1454 2090 maiestatis
1503 2054 1628 2089 suae
1676 2036 1835 2106 origi-

141 2129 263 2162 nem
312 2128 431 2162 cum
480 2110 797 2178 quibusdam
847 2110 1336 2164 dissimulationum
1386 2110 1835 2179 trepidationibus

143 2184 431 2236 erubescat.
508 2183 661 2236 Nihil
723 2185 865 2236 enim
929 2185 1181 2237 debemus
1251 2185 1505 2255 cogitare
1551 2188 1835 2252 terrenum,
1853 2183 1888 2235 3

76 2279 120 2311 20
142 2259 458 2327 praesertim
514 2277 633 2312 cum
690 2259 916 2311 sciamus
962 2259 1340 2312 fabricatorem
1386 2262 1631 2311 nostrum
1680 2258 1836 2311 deum

142 2333 218 2384 ita
257 2350 354 2385 nos
394 2332 563 2384 divini
593 2332 808 2384 artificii
840 2332 1204 2386 moderatione
1234 2333 1437 2400 fecisse,
1468 2336 1529 2385 ut
1558 2332 1691 2386 recti
1725 2350 1837 2385 cor-

143 2405 291 2475 poris
346 2406 521 2458 forma
574 2407 639 2459 ab
689 2407 835 2458 omni
881 2406 1204 2459 humilitatis
1250 2407 1543 2460 deiectione
1587 2407 1837 2475 seposita,

144 2479 281 2531 nihil
313 2479 458 2532 aliud
489 2480 721 2548 primum
752 2481 1021 2549 patefacta
1053 2482 1331 2535 oculorum
1370 2481 1482 2534 acie
1516 2482 1624 2533 nisi
1657 2479 1835 2532 Solem

144 2553 352 2606 Lunam
394 2555 574 2606 stellas
615 2558 668 2607 et
704 2553 899 2608 horum
939 2556 1178 2607 omnium
1217 2555 1637 2623 pulcherrimum
1677 2557 1837 2622 atque

266 2702 291 2742 3
316 2698 582 2742 laborantes
601 2712 758 2742 sumus
784 2700 895 2743 dum
911 2703 948 2742 A
977 2700 1287 2744 laborandum
1312 2714 1535 2745 summev
1631 2704 1683 2742 12
1703 2713 1838 2742 suum

144 2763 396 2813 suspectum
526 2762 580 2801 13
613 2758 927 2802 sollicitudine
961 2763 1000 2802 Δ
1137 2764 1191 2803 14
1222 2759 1474 2816 fragilitati
1504 2758 1624 2816 ΒΝ]
1657 2757 1837 2814 fragili-

146 2817 258 2860 tatis
316 2820 323 2873 Ι
380 2817 629 2860 adnectare
661 2821 742 2859 AG
879 2822 932 2860 16
965 2819 1170 2863 tenebris
1201 2833 1314 2863 corr.
1347 2820 1371 2870 ζ
1411 2820 1463 2862 cl.
1497 2819 1550 2862 de
1581 2832 1665 2863 err.
1699 2819 1773 2870 47,
1798 2830 1837 2860 11

148 2877 401 2932 (caenoque
439 2877 571 2929 infra
602 2878 646 2931 a)
792 2881 844 2919 17
878 2876 926 2919 in
957 2878 1041 2921 del.
1074 2895 1101 2920 κ
1253 2883 1306 2921 21
1342 2877 1487 2920 divini
1518 2891 1602 2920 nos
1634 2876 1717 2919 ΒΔ

147 2939 203 2977 22
237 2937 285 2978 et
317 2935 375 2977 ab
408 2934 590 2977 BGD’v
647 2939 652 2989 Ι
712 2935 904 2992 sepositi
938 2938 997 2988 σζ
