2078 3174
223 113 323 165 168
949 110 1177 154 FIRMICI

219 237 272 286 et
311 233 367 284 in
404 231 521 284 XII.
563 231 627 284 ab
667 232 966 300 horoscopo
1016 231 1134 284 loco
1178 230 1439 284 Saturnus
1479 233 1686 300 positus
1727 231 1907 285 Solem

219 307 480 359 diametra
518 306 813 358 radiatione
851 306 1123 374 respiciat,
1165 306 1256 358 sed
1296 308 1349 357 et
1387 306 1539 358 Luna
1578 309 1630 358 et
1668 306 1812 358 Mars
1851 307 1908 358 in

218 379 335 433 XII.
376 381 442 432 ab
481 380 782 449 horoscopo
822 379 940 432 loco
982 397 1102 431 cum
1143 378 1372 432 Saturno
1411 383 1637 448 aequata
1675 380 1908 449 partium

221 456 474 507 societate
520 453 791 506 coniuncti
831 452 944 506 Soli
991 471 1046 506 se
1094 455 1253 506 etiam
1301 453 1404 522 ipsi
1451 473 1546 522 per
1593 454 1906 507 diametrum

220 531 516 598 opponant,
569 528 774 581 faciunt
829 527 1029 580 debiles
1075 528 1397 597 paralyticos
1452 546 1679 596 quorum
1735 529 1910 580 soluta
1935 548 1973 583 5·

221 603 515 671 conpagine
557 619 842 654 nervorum
882 620 1038 653 omne
1078 619 1273 670 corpus
1313 602 1497 654 fractis
1538 620 1598 654 ac
1638 602 1910 670 dissipatis

191 677 422 748 ‚viribus
463 675 888 743 dedecoret<ur>.

136 751 203 803 70
333 750 390 803 Si
424 748 684 802 Saturnus
717 753 770 802 et
800 749 944 802 Mars
978 753 1030 801 et
1053 750 1205 802 Luna
1235 750 1434 818 pariter
1465 750 1758 818 constituti,
1789 749 1913 818 <et>

222 828 447 893 aequata
478 825 712 893 partium
745 825 997 876 societate
1030 823 1318 892 coniuncti,
1350 824 1406 875 in
1429 823 1519 876 XI.
1554 824 1662 875 sint
1691 823 1811 876 loco
1844 823 1911 876 ab

220 899 520 968 horoscopo
568 898 863 965 constituti,
915 902 967 950 et
1014 916 1103 951 eos
1144 897 1387 967 Iuppiter
1433 898 1698 968 trigonica
1744 898 1913 950 radia·
1940 921 1981 954 10

221 973 369 1024 tione
399 973 664 1041 respiciat,
696 974 789 1023 aut
820 972 877 1023 in
910 990 1099 1024 occasu
1129 973 1330 1024 scilicet
1355 974 1448 1023 aut
1471 973 1527 1024 in
1551 971 1643 1025 IH.
1669 972 1734 1023 ab
1759 973 1912 1024 horo-

222 1065 384 1116 scopo
408 1047 600 1115 <loco>
626 1047 966 1114 constitutuS‚
1001 1045 1094 1098 Sol
1118 1065 1241 1099 vero
1268 1047 1624 1115 horoscopum
1649 1046 1916 1115 partiliter

222 1124 416 1190 teneat,
456 1125 744 1190 tyrannum
783 1120 939 1173 nobis
979 1120 1083 1172 ista
1121 1121 1369 1190 genitura
1408 1120 1750 1173 demonstrat.

137 1196 200 1247 71
336 1193 393 1246 Si
443 1196 499 1247 in
546 1193 633 1246 XI.
687 1195 751 1247 ab
804 1194 1103 1263 horoscopo
1155 1195 1275 1246 loco
1327 1195 1573 1247 collocati
1618 1194 1914 1246 Mercurius

223 1269 405 1322 Venus
461 1268 722 1321 Saturnus
778 1272 830 1320 et
883 1268 1027 1320 Mars
1081 1271 1306 1337 aequata
1358 1269 1560 1320 fuerint
1618 1269 1980 1323 radiatione15

223 1344 507 1411 conpositi,
554 1343 758 1396 faciunt
803 1342 1139 1395 luxuriosum
1187 1343 1279 1411 qui
1325 1343 1559 1411 profusis
1608 1342 1913 1411 sumptibus

225 1421 278 1469 et
315 1417 529 1469 lascivis
569 1417 952 1485 cupiditatibus
992 1417 1291 1485 inplicetur.

65 1504 239 1548 fot-8101
334 1490 391 1543 Si
440 1492 492 1543 in
541 1490 606 1544 V.
658 1492 723 1543 ab
782 1492 1082 1559 horoscopo
1139 1493 1260 1544 loco
1311 1490 1456 1542 Mars
1515 1494 1569 1542 et
1619 1489 1915 1543 Mercurius

139 1566 207 1617 72
223 1565 424 1634 pariter
469 1565 667 1617 fuerint
714 1565 976 1635 collocati,
1022 1569 1074 1617 et
1119 1565 1219 1617 hos
1260 1563 1522 1617 Saturnus
1563 1565 1804 1633 superior
1843 1564 1917 1615 ef-

223 1640 393 1692 fectus
442 1640 698 1707 quadrata
743 1639 1038 1691 radiatione
1084 1639 1356 1708 respiciat,
1408 1643 1499 1690 aut
1538 1639 1580 1690 si
1622 1656 1743 1690 cum
1783 1637 1913 1707 ipsis
1939 1660 1982 1693 20

224 1713 430 1782 positus
479 1716 702 1781 aequata
748 1714 819 1764 sit
863 1714 1099 1782 partium
1147 1713 1400 1766 societate
1440 1713 1770 1780 coniunctUS,
1819 1712 1915 1763 fal-

226 1787 393 1839 sarios
446 1787 657 1855 facient,
711 1791 803 1839 aut
859 1787 950 1854 qui
1004 1788 1255 1855 pecunias
1309 1786 1551 1855 publicas
1600 1787 1915 1838 flaturarum

226 1861 479 1913 adulteris
530 1861 772 1913 artificiis
823 1861 1112 1913 imitentur.
1192 1860 1249 1913 Si
1296 1879 1420 1912 vero
1475 1861 1560 1913 his
1612 1862 1688 1912 sic
1725 1861 1915 1928 positis

227 1936 406 2003 aliquo
439 1953 699 1988 consensu
732 1936 929 1987 adnuat
961 1934 1126 2003 Luna,
1165 1935 1268 2002 †in
1298 1937 1527 2003 posteris
1557 1935 1792 1987 latrones
1824 1934 1916 1986 ho-

227 2010 553 2078 micidasque
614 2010 904 2078 perficient.
999 2008 1055 2061 Si
1115 2027 1240 2061 vero
1303 2009 1446 2061 Mars
1509 2012 1562 2061 et
1622 2008 1916 2061 Mercurius
1941 2031 1983 2062 25

230 2084 476 2152 quintum
531 2083 596 2135 ab
653 2083 949 2152 horoscopo
1005 2083 1183 2134 locum
1237 2086 1475 2152 teneant,
1516 2086 1568 2136 et
1621 2082 1771 2134 Luna
1826 2086 1918 2133 aut

231 2156 519 2210 Saturnum
567 2158 772 2208 minuta
827 2161 920 2209 aut
974 2160 1114 2209 certe
1165 2157 1489 2209 Mercurium
1545 2160 1638 2208 aut
1692 2157 1917 2208 Martem

351 2278 372 2315 1
409 2273 466 2316 ab
492 2273 589 2316 hor.
614 2272 715 2316 loco
740 2287 822 2316 om.
850 2276 888 2316 A
934 2275 939 2329 Ι
981 2273 1083 2316 loco
1113 2287 1195 2317 om.
1223 2277 1299 2315 BG
1422 2277 1446 2315 3
1479 2272 1685 2328 partium
1714 2272 1779 2329 Γ]
1813 2285 1918 2328 par·

231 2332 379 2375 tiliter
409 2334 448 2375 Δ
571 2337 598 2374 4
632 2331 727 2375 Soli
760 2346 807 2375 se
839 2332 915 2389 ΒΞ]
952 2332 1069 2375 Solis
1103 2332 1384 2388 ABR<D1.9)
1419 2332 1571 2375 Solem
1605 2336 1639 2373 G
1674 2333 1679 2388 Ι
1715 2331 1806 2387 ipsi
1835 2345 1920 2386 per

232 2392 278 2449 a]
310 2405 393 2446 per
416 2391 507 2446 ipsi
632 2396 653 2434 7
688 2392 794 2434 add.
820 2407 847 2433 a
968 2395 993 2434 8
1028 2392 1132 2434 add.
1159 2398 1183 2443 ζ
1205 2393 1285 2446 (an
1309 2391 1485 2446 pariter
1509 2391 1752 2434 constituti
1777 2391 1857 2433 del.
1878 2389 1918 2445 ,9)

293 2455 317 2492 9
350 2450 425 2493 XI.
452 2451 492 2508 ζ]
524 2450 619 2492 XII.
744 2455 795 2492 11
830 2450 905 2494 III.
936 2451 1002 2508 Γ]
1035 2450 1153 2493 VIII.
1182 2453 1219 2493 Δ
1345 2456 1398 2493 12
1433 2451 1537 2493 add.
1564 2466 1591 2492 a
1630 2451 1634 2506 Ι
1673 2448 1919 2504 horoscopi

231 2511 411 2565 partem
443 2511 602 2553 teneat
628 2511 666 2551 Δ
791 2514 845 2552 14
879 2509 1095 2552 collocati
1128 2523 1209 2552 om.
1241 2511 1286 2552 Γ
1404 2514 1456 2552 15
1491 2511 1538 2553 et
1561 2509 1684 2551 Mars
1710 2522 1791 2552 om.
1818 2510 1857 2551 Δ

235 2573 287 2611 16
321 2568 520 2624 profusis
551 2569 616 2626 Γ]
650 2582 836 2624 prorsus
862 2570 901 2610 A
1036 2572 1090 2611 17
1124 2568 1392 2624 implicatur
1415 2573 1452 2610 A
1484 2570 1635 2611 -catus
1659 2571 1738 2609 BG
1770 2568 1921 2609 -cator

233 2633 267 2669 D
301 2629 449 2670 -catos
473 2632 511 2669 N
535 2641 646 2671 corr.
673 2630 698 2679 ζ
719 2629 799 2681 (an
823 2626 1074 2682 inplicatus
1100 2642 1126 2670 *
1145 2642 1171 2671 *
1190 2643 1214 2670 *
1233 2627 1272 2683 .9)
1397 2632 1449 2671 19
1485 2627 1709 2670 Saturnus
1738 2626 1805 2683 Γ]
1831 2625 1919 2668 sci-

234 2686 343 2729 licet
375 2689 413 2728 A
539 2691 591 2728 22
626 2686 979 2729 conflaturarum
1016 2689 1055 2728 A
1180 2691 1233 2728 23
1268 2686 1505 2729 adulteras
1536 2700 1647 2730 corr.
1682 2688 1706 2737 ζ
1735 2685 1920 2741 (probat

236 2759 259 2788 6
291 2748 369 2800 qni
400 2747 660 2801 transponit
700 2745 935 2788 adulteras
974 2744 1069 2788 flat.
1112 2745 1401 2789 adulteratas
1434 2747 1478 2801 κ)
1537 2746 1542 2800 Ι
1601 2743 1791 2787 artificis
1824 2744 1918 2785 A'B

236 2803 433 2847 artifices
467 2807 553 2847 AG
603 2806 607 2860 Ι
658 2804 775 2848 imit.
809 2803 933 2847 artif.
967 2807 991 2856 ζ
1038 2807 1043 2859 Ι
1095 2804 1159 2847 sic
1193 2818 1274 2847 om.
1309 2808 1387 2846 AB
1510 2809 1564 2847 24
1600 2803 1858 2858 inpostores
1891 2818 1918 2844 κ

235 2863 453 2918 inprobos
486 2867 510 2915 ζ
628 2861 907 2906 26'teneant
933 2863 1032 2920 GN]
1064 2865 1225 2906 teneat
1346 2868 1398 2905 27
1435 2862 1659 2905 Saturnus
1684 2875 1795 2906 corr.
1822 2864 1882 2912 κζ
1911 2861 1913 2917 Ε

236 2924 359 2964 certe
392 2937 473 2965 om.
501 2925 539 2964 A
599 2924 604 2977 Ι
663 2922 888 2965 Mercurio
923 2923 1004 2964 aut
1035 2921 1174 2965 Marti
1207 2925 1245 2964 A
