2090 3198
786 155 891 200 VIII
923 161 994 212 30,
1019 161 1193 211 11—31‚
1218 167 1252 201 5.
1755 154 1860 207 357

921 306 1113 360 XXXI.

288 411 379 481 [In
435 412 665 480 quibus
721 412 852 464 sint
906 411 1232 481 signorum
1295 410 1589 479 partibus
1653 410 1908 464 clarael

175 487 441 556 stellae]
491 485 554 539 In
586 485 830 555 plurimis
865 485 1031 557 signis
1063 486 1231 538 claras
1263 502 1376 537 esse
1409 486 1605 554 stellas,
1632 488 1685 537 et
1714 485 1863 556 regia

174 561 392 613 luminis
425 562 701 614 maiestate
733 560 1018 630 fulgenteS,
1049 558 1107 611 in
1132 558 1224 611 VI.
1250 558 1480 612 diximus
1511 559 1665 612 libro.
1723 559 1862 622 Quid

130 634 358 703 sitaque
405 634 461 687 in
507 635 626 687 istis
671 634 912 703 partibus
959 633 1016 686 in
1064 633 1258 702 quibus
1307 634 1478 686 clarae
1517 632 1864 686 inveniuntur

173 711 373 778 stellae,
404 708 650 762 decernat
680 708 1012 777 horoscopus
1045 706 1206 779 (quae
1239 708 1294 759 in
1323 706 1412 760 VI.
1439 707 1581 761 libro
1617 707 1680 760 de
1711 707 1864 760 Luna

173 781 429 850 diximus)
469 783 733 852 explicare
773 784 986 835 curabo.

283 856 347 909 In
393 855 482 909 XI.
522 860 674 926 parte
712 855 916 909 Arietis
959 858 1101 909 clara
1140 857 1440 910 ostenditur
1477 857 1719 924 (stella).
1796 856 1910 909 1112

172 931 270 983 hac
301 932 482 1000 itaque
514 934 668 984 stella
697 933 1019 1001 quicumque
1043 931 1293 983 habuerit
1316 931 1691 1000 horoscopum,
1715 950 1861 1000 prae-

106 1026 147 1057 ιο
171 1009 319 1058 sente
342 1004 467 1058 Iove
499 1005 584 1058 vel
615 1005 881 1076 trigonica
910 1005 1206 1058 radiatione
1238 1006 1542 1074 coniunctO,
1574 1005 1675 1058 erit
1707 1005 1892 1060 duxsoz.
1908 1016 2040 1052 114011

172 1099 397 1150 magnus
453 1083 643 1149 potens
700 1080 900 1132 amicus
958 1098 1161 1150 regum,
1215 1079 1442 1132 multam
1498 1083 1551 1132 et
1605 1080 1862 1150 grandem

170 1154 446 1223 possidens
479 1157 691 1223 terram,
723 1155 950 1207 honesto
982 1155 1156 1207 famae
1188 1155 1498 1207 testimonio
1533 1153 1859 1207 sublevatus

171 1228 275 1281 Sed
307 1229 351 1281 is
383 1231 555 1281 morte
588 1248 683 1280 sua
716 1229 988 1281 morietur.
1042 1227 1104 1280 In
1139 1229 1391 1281 cornibus
1416 1228 1578 1281 Tauri
1609 1228 1667 1281 in
1690 1228 1856 1281 XXX.
1878 1229 1911 1281 3

171 1308 321 1372 parte
360 1303 472 1356 eius
513 1304 654 1355 clara
689 1305 844 1356 stella
876 1306 970 1356 est.
1035 1302 1370 1372 Quicumque
1409 1302 1590 1372 itaque
1631 1303 1686 1355 in
1726 1303 1859 1372 ipsis

104 1397 146 1429 15
173 1377 334 1429 Tauri
377 1377 628 1431 cornibus
667 1377 918 1430 habuerit
949 1377 1324 1447 horoscopum,
1357 1378 1458 1429 erit
1490 1396 1582 1430 rex
1615 1381 1707 1430 aut
1739 1378 1860 1430 dux.

170 1451 271 1514 Qui
319 1469 445 1504 vero
498 1451 553 1503 in
601 1453 788 1504 dextro
837 1470 1003 1504 cornu
1050 1451 1300 1505 habuerit
1344 1453 1722 1521 horoscopum,
1762 1453 1863 1505 erit

168 1543 392 1596 magnus
433 1525 697 1595 princepS,
746 1530 799 1578 et
839 1526 924 1579 cui
970 1527 1158 1579 navale
1198 1530 1251 1578 ct
1296 1526 1541 1595 pedestre
1582 1527 1861 1579 conmitta-

169 1603 256 1652 tur
317 1600 615 1670 imperium,
678 1600 935 1653 terribilis
996 1600 1310 1669 laboriosus,
1366 1602 1563 1653 multas
1618 1601 1861 1654 civitates

168 1675 430 1727 bellorum
471 1675 842 1727 obsidionibus
881 1674 1128 1728 liberans,
1192 1674 1296 1727 Hic
1335 1675 1524 1727 unicus
1556 1679 1713 1729 natus
1749 1675 1862 1728 sine
1948 1689 1961 1700 ·

101 1769 144 1801 20
167 1749 350 1802 liberis
391 1749 504 1802 erit.
576 1749 950 1802 Decernuntur
983 1749 1063 1802 illi
1093 1749 1307 1818 publice
1340 1750 1486 1802 tituli
1519 1753 1572 1802 et
1603 1750 1862 1820 imagines

167 1841 227 1875 ac
259 1826 480 1892 statuae,
511 1824 602 1876 sed
633 1826 821 1892 postea
853 1822 1069 1876 offensis
1094 1824 1310 1894 regibus
1335 1823 1607 1876 morietur.
1669 1823 1729 1876 In
1758 1843 1863 1893 qua

167 1900 345 1950 autem
377 1897 541 1950 Tauri
579 1901 735 1951 stella
773 1899 905 1951 haec
936 1897 1119 1951 eadem
1153 1899 1518 1966 decernantur,
1556 1898 1678 1966 <vel
1710 1898 1862 1951 Luna

166 1971 297 2024 haec
321 1971 502 2024 eadem
530 1972 827 2040 decernat),
860 1975 1042 2025 sextus
1075 1972 1179 2024 iam
1214 1972 1316 2025 tibi
1342 1972 1576 2025 ostendit
1601 1972 1749 2025 liber.
1798 1972 1913 2025 1114

166 2045 360 2098 Leonis
393 2050 544 2115 parte
576 2045 643 2099 II.
677 2049 832 2099 stella
863 2045 1087 2116 limpida
1119 2047 1402 2100 invenitur.
1472 2045 1534 2098 In
1574 2047 1674 2099 hac
1707 2049 1862 2100 stella

101 2140 142 2172 2⁵
169 2120 491 2188 quicumque
516 2120 766 2173 habuerit
790 2120 1166 2189 horoscopum,
1192 2121 1294 2173 erit
1317 2139 1411 2173 rex
1434 2124 1638 2189 potens,
1665 2120 1861 2191 duplex

167 2194 446 2263 possidens
478 2212 716 2264 regnum,
756 2195 847 2248 sed
881 2194 1358 2263 quotienscumque
1391 2196 1455 2247 ad
1489 2195 1706 2248 eandem
1740 2195 1862 2247 stel-

167 2268 272 2320 lam
301 2267 563 2320 Saturnus
589 2270 642 2320 et
666 2268 809 2321 Mars
835 2269 1091 2337 venerint,
1122 2269 1319 2322 totiens
1348 2270 1427 2322 issi
1459 2269 1600 2322 bella
1630 2270 1862 2322 maxima

169 2342 515 2395 concitantur.
592 2341 654 2395 In
714 2341 857 2395 XIII.
908 2346 1060 2411 parte
1124 2342 1433 2412 Scorpionis
1496 2347 1577 2396 est
1636 2342 1908 2413 limpida5

171 2418 336 2469 stella.
401 2415 463 2468 In
498 2434 603 2484 qua
635 2419 790 2469 stella
823 2418 868 2469 si
901 2417 1169 2488 [limpida]
1202 2417 1354 2470 Luna
1395 2418 1605 2487 [fuerit]
1646 2419 1862 2471 inventa

287 2551 312 2589 2
340 2548 500 2591 lemma
522 2562 604 2592 om.
625 2550 663 2590 Δ
716 2550 723 2603 1
773 2547 868 2591 sint
893 2549 946 2607 G]
973 2549 1081 2592 sunt
1097 2547 1149 2591 A‘
1241 2553 1267 2591 4
1291 2550 1348 2603 cf.
1379 2550 1448 2592 VI
1458 2554 1502 2603 2,
1513 2563 1562 2605 p.
1584 2553 1657 2602 69,
1676 2562 1715 2592 14
1732 2564 1821 2606 sqq.
1852 2550 1854 2604 ξ

169 2606 294 2662 quod
327 2609 365 2649 Δ
509 2611 533 2649 6
568 2606 820 2651 decernant
851 2610 890 2651 Δ
950 2610 955 2664 Ι
1012 2609 1320 2664 horoscopum
1352 2613 1424 2650 nv
1456 2608 1701 2664 horoscopi
1733 2613 1771 2650 N

169 2671 195 2709 8
230 2665 405 2709 clarum
436 2678 549 2710 corr.
583 2668 607 2718 ζ
661 2667 668 2722 Ι
725 2667 831 2710 add.
865 2669 889 2719 ζ
1041 2672 1092 2710 13
1128 2681 1299 2711 cornua
1332 2670 1370 2711 Δ
1527 2673 1581 2711 14
1616 2666 1731 2723 ipsis
1763 2669 1858 2726 Ην]

168 2725 272 2781 ipsa
418 2729 470 2768 15
505 2738 676 2769 cornua
707 2739 818 2771 corr.
852 2741 881 2768 v
1024 2730 1078 2770 22
1116 2726 1428 2771 decernuntur
1460 2729 1499 2770 Δ
1559 2729 1564 2780 Ι
1623 2727 1728 2770 add.
1762 2731 1801 2769 II

168 2789 224 2827 23
259 2783 468 2827 decernit
498 2788 536 2826 N
601 2786 606 2840 Ι
671 2784 766 2827 iam
797 2784 886 2828 tibi
920 2786 1056 2843 GNv]
1091 2785 1180 2828 tibi
1211 2785 1304 2829 iam
1337 2792 1372 2828 D
1415 2785 1503 2828 tibi
1536 2789 1572 2827 A
1636 2788 1642 2842 Ι
1706 2787 1764 2839 cf.
1797 2787 1860 2830 ad

170 2844 197 2887 l.
231 2847 258 2885 4
389 2846 444 2885 24
477 2842 531 2887 11.
565 2842 636 2886 vel
667 2843 743 2887 111.
775 2848 814 2886 N
944 2849 998 2887 26
1032 2845 1113 2888 scd
1146 2844 1220 2887 cui
1250 2847 1293 2889 Γ
1421 2849 1474 2887 27
1508 2844 1687 2888 venerit
1714 2847 1799 2889 ΓΙ)

170 2906 226 2945 28
259 2901 375 2945 XIII.
408 2904 543 2958 parte
574 2902 648 2945 vel
681 2902 796 2946 XVI.
830 2905 962 2959 parte
995 2903 1259 2960 Scorpionis
1290 2908 1328 2945 N
1502 2908 1556 2946 29
1590 2903 1720 2947 Luna
1753 2903 1856 2947 lim-

170 2961 280 3020 pida
306 2960 353 3003 A'
388 2961 470 3006 del.
498 2975 523 3005 σ
554 2966 594 3006 et
625 2978 651 3005 κ
684 2963 781 3019 (qui
811 2967 852 3006 et
882 2961 1018 3006 stella
1049 2962 1246 3019 limpida
1278 2962 1317 3006 si
1349 2962 1494 3019 Luna)
1552 2965 1558 3019 Ι
1614 2963 1697 3007 del.
1730 2967 1769 3005 Ν
