2090 3198
776 163 884 207 VIII
915 167 986 218 19,
1011 175 1125 207 2—8.
1685 165 1791 216 317

100 285 349 338 habuerit
387 285 762 354 horoscopum,
800 282 926 336 Iove
965 286 1059 335 aut
1095 284 1152 336 in
1191 283 1446 351 ea<dem>
1479 287 1632 353 parte
1672 304 1794 339 con·

101 360 319 428 stitutO,
349 362 442 412 aut
474 359 537 411 de
569 360 784 428 trigono
817 357 999 426 partili
1030 357 1328 410 radiatione
1361 358 1661 427 coniuncto,
1692 360 1794 412 erit

99 437 292 503 potens
331 433 646 504 magnificae
686 432 988 501 praeferens
1026 430 1307 501 dignitatis
1347 431 1594 503 insignia,
1634 451 1792 501 quem

99 508 317 578 regibus
356 510 449 560 aut
486 506 797 576 potentibus
836 505 965 558 viris
1004 505 1112 558 fida
1150 505 1418 558 amicitiae
1456 507 1791 560 necessitudo

18 598 35 625 ³
54 603 75 635 5
100 584 407 653 coniungat,
440 581 586 633 dives
618 580 844 632 affluens
874 579 1097 649 grandia
1130 582 1390 632 terrarum
1419 598 1481 633 ac
1503 581 1794 648 possessio-

99 674 229 709 num
262 656 434 725 spatia
463 655 766 724 possidens,
797 654 1036 706 famosus
1069 654 1175 705 dux
1208 654 1356 706 omni
1388 654 1668 725 dignitatis
1700 655 1794 707 ho-

98 748 228 783 nore
261 728 576 797 cumulatus,
616 731 668 781 et
706 729 975 797 prosperis
1014 727 1188 780 famae
1217 728 1542 781 testimoniis
1574 730 1792 781 adorna-

99 807 201 856 tuS.
265 802 370 856 Sed
393 803 481 856 hic
503 805 677 855 morte
709 821 806 854 sua
835 802 1105 855 morietur.
1174 801 1237 854 In
1262 801 1465 855 Arietis
1496 806 1647 872 parte
1671 802 1789 856 XII.
1810 805 1842 858 6

101 879 423 947 quicumque
472 877 722 929 habuerit
771 876 1154 945 horoscopum,
1208 874 1336 929 Iove
1383 880 1438 929 et
1475 876 1684 930 Venere
1735 878 1792 930 in

32 973 75 1005 ιο
99 952 216 1022 ipsa
265 955 415 1020 parte
466 951 774 1004 constitutis
825 968 947 1004 cum
998 950 1310 1004 testimonio
1354 950 1559 1020 Lunae,
1610 951 1695 1004 vel
1746 954 1792 1004 si

99 1027 238 1080 hanc
288 1026 507 1078 eandem
552 1028 760 1094 partem
799 1024 951 1077 Luna
993 1024 1258 1095 trigonica
1295 1025 1593 1078 radiatione
1630 1027 1790 1094 respi-

99 1101 220 1169 ciat,
258 1101 362 1152 erit
391 1099 692 1169 praeclarus
725 1098 1006 1168 splendore
1036 1098 1339 1152 nobilitatis
1372 1103 1608 1169 ornatuS,
1645 1100 1791 1152 dives

97 1248 389 1319 longaevus
428 1249 702 1301 morietur.
771 1246 833 1299 In
865 1248 1066 1300 Arietis
1104 1253 1257 1317 parte
1287 1246 1433 1300 XIII.
1468 1249 1791 1317 quicumque

33 1344 73 1376 15
97 1323 385 1375 habuerint
436 1322 820 1391 horoscopum,
875 1325 1031 1374 erunt
1085 1323 1292 1374 steriles
1339 1322 1535 1391 quibus
1583 1341 1792 1392 semper

99 1397 396 1449 desiderata
450 1395 663 1450 soboles
718 1395 1019 1466 denegetur.
1114 1394 1219 1448 Sed
1270 1396 1330 1448 hi
1383 1397 1558 1449 media
1618 1400 1791 1450 aetate

97 1471 406 1524 morientur.
483 1469 548 1522 In
577 1469 778 1523 Arietis
817 1473 967 1539 parte
999 1469 1142 1523 XIV.
1179 1471 1503 1540 quicumque
1541 1471 1791 1524 habuerit
1811 1472 1839 1523 7

96 1546 478 1614 horoscopum,
531 1545 634 1597 erit
685 1545 992 1614 negotiator
1046 1544 1137 1597 sed
1193 1544 1540 1598 affluentibus
1589 1546 1789 1598 divitiis

97 1619 407 1687 instructuS,
437 1619 710 1672 fenerator
740 1619 804 1671 de
835 1619 1031 1671 mensis
1055 1619 1288 1687 publicis
1314 1620 1571 1690 colligens
1597 1638 1791 1690 magna

30 1716 75 1748 20
100 1693 407 1746 divitiarum
464 1693 724 1761 subsidia,
783 1697 944 1746 notus
999 1693 1248 1746 omnibus
1310 1712 1623 1763 semperque
1676 1711 1791 1763 per-

99 1768 331 1836 spicuus.
400 1767 506 1820 Hic
544 1767 694 1820 locus
726 1767 887 1820 etiam
919 1770 1154 1820 textores
1185 1767 1361 1835 faciet,
1399 1770 1485 1821 vel
1517 1770 1610 1836 qui
1640 1768 1789 1821 lanas

96 1860 468 1912 purpurasque
506 1844 854 1911 pertractent3
909 1860 1060 1894 senes
1099 1841 1410 1894 morientur.
1487 1841 1551 1894 In
1590 1841 1789 1894 Arietis

83 1919 247 1985 *parte
278 1915 394 1967 XV.
435 1917 757 1984 quicumque
794 1916 1044 1968 habuerit
1080 1916 1459 1985 horoscopum,
1498 1917 1598 1968 erit
1638 1917 1789 1985 inpu-

100 1990 217 2042 dica
252 1988 538 2042 libidinum
576 1990 696 2042 labe
734 1992 994 2058 pollutuS,
1043 1993 1097 2043 et
1141 1991 1349 2058 inpuris
1396 2010 1605 2059 semper
1643 1991 1789 2043 vitiis

31 2085 73 2118 25
99 2064 384 2133 obligatus,
422 2063 672 2116 cinaedus
704 2064 921 2132 publica
953 2064 1234 2117 damnatus
1266 2065 1501 2117 infamia.
1574 2064 1631 2117 Si
1661 2082 1787 2117 vero

98 2137 289 2190 mulier
327 2138 502 2206 fuerit,
549 2137 740 2190 similis
788 2156 904 2190 eam
956 2138 1265 2207 inpuritatis
1303 2139 1472 2191 libido
1511 2139 1787 2208 percutiet.

98 2210 161 2264 In
193 2211 393 2264 Arietis
425 2214 577 2280 parte
602 2210 745 2263 XVI.
780 2212 1102 2280 quicumque
1134 2212 1383 2265 habuerit
1414 2213 1837 2281 horoscopum,8

99 2286 324 2338 assiduis
363 2286 740 2338 intestinorum
780 2286 1055 2339 doloribus
1096 2287 1433 2355 cruciabitur,
1473 2287 1564 2340 sed
1599 2287 1683 2338 his
1717 2288 1789 2338 la-

221 2438 241 2473 1
278 2430 526 2474 habuerint
548 2434 587 2474 A
640 2435 646 2488 1
696 2445 802 2475 cum
831 2431 935 2475 Iove
964 2435 1010 2476 Γ
1053 2433 1059 2488 Ι
1108 2433 1214 2476 add.
1240 2448 1269 2475 v
1391 2438 1415 2475 2
1448 2433 1635 2489 trigona
1660 2434 1782 2474 AN
1779 2461 1782 2486 λ

99 2489 262 2546 partili
295 2504 376 2533 om.
411 2492 450 2533 Δ
510 2492 515 2546 Ι
572 2490 732 2534 iuncto
765 2493 804 2534 Δ
929 2495 954 2535 3
986 2491 1273 2559 praeferens]
1311 2492 1577 2548 praeferent
1609 2496 1643 2533 G
1685 2506 1788 2548 per-

98 2549 249 2593 fectus
280 2553 319 2590 N
376 2551 382 2604 Ι
441 2548 664 2605 dignitati
695 2552 734 2593 A
794 2552 799 2606 Ι
855 2549 1061 2608 insignia
1091 2565 1173 2595 om.
1208 2554 1247 2595 A
1386 2556 1412 2594 4
1444 2551 1539 2594 fida
1570 2565 1653 2594 om.
1687 2554 1726 2594 A

100 2614 126 2651 5
159 2607 355 2651 affluens
387 2608 448 2666 A]
480 2607 628 2652 fluens
657 2611 703 2652 Γ
730 2622 784 2652 ac
815 2608 961 2653 fluens
985 2625 1015 2652 v
1046 2610 1222 2654 divitiis
1255 2610 1450 2655 affluens
1477 2624 1501 2653 6
1638 2614 1663 2652 8
1698 2609 1787 2652 Sed

99 2668 140 2725 ζ]
174 2669 221 2711 et
249 2669 296 2710 Γ
321 2681 404 2711 om.
431 2670 470 2710 A
594 2671 619 2710 9
654 2682 681 2710 a
711 2667 818 2711 Iove
850 2670 890 2711 A
1016 2673 1069 2712 10
1103 2683 1206 2713 cum
1239 2685 1322 2714 om.
1356 2669 1405 2711 A'
1547 2673 1599 2712 13
1633 2671 1680 2713 et
1713 2669 1788 2712 cui

101 2752 155 2758 —
187 2726 394 2783 insignia
426 2740 509 2769 om.
542 2724 591 2768 A‘
665 2729 672 2782 1
745 2727 1042 2771 conferantur
1074 2728 1229 2772 omnia
1262 2734 1301 2772 A
1458 2733 1510 2772 16
1556 2727 1787 2771 desideria

100 2785 274 2828 sobolis
306 2785 595 2842 denegentur
626 2788 665 2829 A
724 2789 730 2841 Ι
788 2785 909 2843 (in)
941 2787 1097 2830 media
1130 2802 1155 2831 σ
1309 2792 1360 2830 19
1395 2786 1586 2844 mensis]
1624 2787 1786 2830 messis

99 2848 138 2885 N
161 2859 245 2902 τηρ.
369 2849 421 2887 21
456 2844 596 2887 etiam
630 2845 685 2902 D]
718 2847 766 2889 et
794 2849 833 2887 N
865 2859 947 2890 mn.
978 2849 1024 2890 Γ
1150 2852 1204 2890 22
1238 2848 1528 2903 pertractant
1557 2848 1603 2889 Γ
1653 2847 1659 2902 1
1718 2859 1785 2889 se-

100 2917 180 2946 nes
204 2903 458 2947 morientur
481 2918 564 2948 om.
587 2905 633 2947 Γ
748 2908 803 2947 23
836 2904 1059 2961 inpudica
1090 2907 1152 2964 Γ]
1179 2906 1225 2949 in
1252 2905 1442 2961 publica
1467 2908 1506 2948 A
1630 2910 1684 2949 28
1718 2905 1787 2948 in-

100 2962 373 3005 testinorum
406 2962 604 3005 assiduis
637 2966 675 3006 A
735 2966 740 3018 Ι
797 2963 870 3006 his
901 2965 949 3021 v]
982 2964 1038 3006 iis
1070 2968 1106 3006 N
1140 2980 1179 3007 is
1212 2969 1337 3007 ABG
