2038 3162
223 104 371 149 XXIV
893 106 1247 152 PRAEFATIO.

223 239 321 283 dem
351 239 566 296 Lessing,
596 240 768 284 hisdem
800 244 854 283 W
967 245 1053 284 255
1069 253 1093 284 4
1121 241 1462 286 valetudinibus
1490 241 1707 297 Lessing,
1748 241 1914 285 valitu-

223 299 409 344 dinibus
433 303 487 342 W
559 303 645 343 255
663 311 704 343 19
736 300 830 344 Ioco
854 299 998 343 habet
1022 304 1090 353 W,
1115 312 1203 343 om.
1229 299 1421 356 Lessing
1492 304 1577 344 255
1595 314 1637 345 21
1661 300 1916 357 epilepticos

223 357 439 414 Lessing,
471 358 699 414 epe'leticos
730 362 785 401 W
870 362 954 402 255
973 370 1015 402 30
1046 359 1321 415 epileptialis
1349 359 1562 417 Lessing,
1593 359 1838 416 epiZEtialis
1861 362 1916 403 W

224 421 308 460 256
328 430 346 461 1
391 417 625 474 hydropen
665 417 879 474 Lessing,
924 418 1173 476 hydropem
1209 420 1336 461 recte
1367 422 1422 462 W
1554 423 1639 462 256
1658 432 1677 463 1
1713 419 1918 475 phthisin

223 475 431 532 Lessing,
459 477 603 532 pthisi
628 481 682 520 W
752 481 837 520 256
854 489 875 520 4
898 479 984 522 hac
1005 476 1211 534 Lessing,
1239 479 1317 522 hec
1338 479 1464 521 recte
1489 482 1543 521 W
1613 482 1696 522 256
1715 490 1758 522 1ο
1781 477 1918 522 male-

222 537 324 580 vola
354 536 570 592 Lessing,
609 537 824 580 malivola
856 541 910 579 W
1014 540 1098 579 256
1118 549 1159 581 17
1191 542 1528 593 consequuntur
1559 536 1774 594 Lessing,
1814 551 1916 582 con-

222 598 417 651 sequur)
443 617 498 631 ===
525 601 815 651 consequetur
847 599 901 638 W
1045 600 1130 640 256
1148 609 1190 640 22
1227 610 1273 640 se
1313 610 1401 640 om.
1434 596 1647 652 Lessing,
1689 595 1834 640 habet
1865 599 1920 639 W

168 700 172 703 .
225 660 308 698 257
329 668 348 699 2
380 655 636 710 epilepticos
667 654 872 710 Lessing,
905 655 1080 699 -leticos
1112 659 1166 698 W
1235 659 1319 698 257
1338 667 1358 700 5
1391 655 1678 700 Mercurium
1710 655 1916 712 Lessing,

228 713 454 768 Mercurij
486 727 599 757 corr.
631 713 678 756 in
714 714 1001 759 Mercurium
1032 718 1087 757 W
1223 719 1306 758 257
1324 727 1346 759 8
1377 715 1683 773 aeyritudinis
1712 714 1918 772 Lessing,

223 773 533 832 aeyrituolz'nes
558 777 611 816 W
685 777 769 816 257
789 786 831 817 14
861 775 980 818 inter
1003 773 1210 830 Lessing,
1238 775 1340 819 int*
1370 778 1424 817 W
1497 778 1580 818 257
1600 786 1641 819 21
1673 775 1920 819 constituta

225 847 433 903 Lessing,
465 847 734 891 constitutae
765 851 890 890 recte
915 852 969 890 W
1053 852 1139 890 258
1157 861 1176 892 1
1209 853 1250 892 et
1278 847 1486 902 Lessing,
1517 834 1559 892 et
1590 849 1663 904 (=
1689 848 1839 904 etiam)
1865 851 1920 890 W

227 910 312 950 258
331 919 350 950 2
375 912 541 951 ceteras
563 906 770 963 Lessing,
796 912 970 951 exteras
994 909 1118 950 recte
1137 911 1190 950 W
1263 910 1348 951 258
1366 919 1387 951 8
1403 921 1490 964 per
1513 907 1718 964 Lessing,
1745 912 1848 963 post
1866 910 1920 950 W

226 970 311 1009 258
330 979 370 1010 21
403 967 521 1010 imus
553 965 770 1022 Lessing3
811 970 866 1009 W
897 967 1054 1009 utrum
1093 968 1214 1011 imus
1252 979 1312 1010 an
1350 981 1474 1011 unus
1509 966 1685 1010 habeat
1718 980 1811 1010 non
1852 964 1920 1008 di-

227 1025 513 1069 noscendum
582 1029 667 1069 259
686 1038 728 1069 20
759 1026 960 1079 infertur
983 1025 1190 1083 Lessing,
1214 1027 1437 1081 inferetur
1460 1030 1514 1069 W
1576 1030 1660 1068 259
1679 1037 1722 1070 30
1745 1025 1922 1082 phthisi

224 1084 432 1141 Lessing,
461 1085 607 1140 pthisi
629 1088 683 1127 W
745 1089 830 1127 260
850 1098 892 1129 14
915 1087 966 1129 in
991 1089 1048 1128 14
1059 1097 1113 1119 mo
1136 1084 1351 1142 Lessing,
1381 1091 1402 1129 i
1425 1088 1495 1129 4t0
1520 1089 1596 1138 W;
1629 1084 1921 1141 Lessingium

226 1150 244 1188 i
276 1158 359 1200 pro
394 1148 419 1188 1
450 1143 620 1199 legisse
653 1146 850 1200 apparet
919 1149 1003 1188 260
1022 1157 1065 1189 24
1095 1146 1270 1201 excepit
1300 1145 1507 1202 Lessing,
1538 1144 1760 1202 exceperit
1788 1148 1844 1187 W

300 1210 391 1257 His
415 1210 732 1272 perlustratis
757 1212 852 1257 etsi
875 1210 1210 1272 compluribus
1234 1211 1355 1260 locis
1371 1210 1687 1274 Lessingium
1711 1226 1768 1257 ea
1793 1225 1921 1272 quae

226 1285 278 1332 in
311 1288 383 1332 W
416 1286 580 1332 errata
613 1287 775 1332 essent
808 1300 995 1347 quaeve
1029 1287 1194 1333 errata
1223 1287 1426 1347 putaret
1462 1287 1616 1333 tacito
1656 1286 1921 1333 correxisse

228 1361 438 1420 apparet
484 1385 549 1391 —
602 1358 792 1406 leviora
846 1359 1231 1423 orthographica
1276 1375 1365 1408 nos
1413 1375 1606 1422 quoque
1653 1358 1921 1419 omisimuS,

226 1434 364 1481 velut
402 1433 533 1494 quod
572 1437 645 1480 W
682 1433 971 1496 plerumque
1021 1435 1392 1494 epichataphora
1438 1433 1544 1483 sim.
1592 1433 1796 1495 praebet
1833 1459 1922 1494 —,

226 1509 395 1554 tamen
433 1506 565 1554 haud
605 1508 776 1568 paucis
815 1508 936 1555 locis
978 1523 1226 1556 summum
1256 1509 1420 1556 virum
1451 1524 1628 1570 parum
1659 1507 1924 1571 diligenter

226 1597 430 1628 munere
463 1596 552 1628 suo
585 1581 813 1629 functum
846 1597 948 1629 esse
981 1598 1081 1630 non
1113 1582 1310 1630 videtur
1339 1584 1513 1646 negari
1543 1597 1698 1644 posse.

302 1655 398 1703 Sed
435 1671 534 1703 non
574 1655 732 1702 solum
773 1657 1128 1718 supplementis
1166 1657 1388 1718 insertis,
1436 1657 1520 1704 sed
1569 1656 1722 1704 etiam
1770 1656 1921 1704 variis

226 1729 522 1777 lectionibus
547 1729 763 1792 margini
788 1730 1050 1792 adscriptis
1073 1732 1258 1792 partim
1284 1730 1345 1778 ab
1371 1746 1443 1791 eo,
1470 1731 1555 1792 qui
1580 1729 1923 1792 supplementa

227 1803 465 1863 exaravit,
497 1804 682 1866 partim
708 1803 769 1850 ab
795 1804 897 1851 alia
920 1820 1071 1852 manu
1097 1805 1296 1867 aequali
1322 1800 1535 1870 (scilicet
1559 1805 1737 1853 saeculi
1764 1796 1921 1869 XVI.)

226 1877 411 1925 Aldina
439 1876 831 1939 Guelferbytana
861 1879 1085 1942 insignis.
1142 1878 1278 1935 Quae
1311 1881 1361 1926 et
1391 1881 1529 1940 ipsae
1562 1878 1791 1938 codicem,
1824 1893 1921 1939 quo

226 1953 330 2001 eius
370 1951 485 1998 libri
524 1967 776 2013 possessor
813 1952 1070 2013 utebatur,
1110 1953 1376 2017 gemellum
1408 1951 1730 2014 Neapolitani
1767 1950 1920 2000 fuisse

225 2026 563 2088 comprobant.
619 2025 928 2075 Documento
961 2028 1061 2075 sint
1090 2027 1232 2075 haec:

301 2097 355 2136 33
375 2105 416 2137 23
449 2094 578 2137 Hinc
603 2106 636 2136 a
659 2094 800 2137 Hanc
824 2098 878 2136 W
896 2117 951 2130 =
969 2099 1008 2136 N
1026 2109 1089 2138 κσ
1167 2098 1222 2136 42
1243 2107 1283 2138 16
1318 2094 1452 2138 Vides
1484 2107 1620 2149 quam
1652 2098 1755 2148 apte
1786 2106 1922 2149 quam

225 2154 492 2197 absconsum
516 2158 556 2196 et
589 2165 637 2205 a,
675 2152 735 2195 ad
759 2158 800 2196 et
824 2153 1022 2197 adnotat
1045 2158 1119 2197 W:
1154 2155 1233 2198 alr
1265 2167 1401 2209 quam
1430 2158 1645 2198 secretum
1675 2151 1922 2196 secundum

225 2218 442 2256 naturam
475 2225 567 2267 eqs.
588 2234 643 2247 =
668 2216 707 2253 N
794 2216 849 2255 44
869 2227 887 2256 1
919 2214 1068 2258 beatos
1097 2213 1359 2269 splendidos
1390 2217 1429 2257 et
1461 2217 1663 2268 potentes
1693 2215 1762 2266 W,
1802 2210 1859 2254 cf.
1883 2214 1924 2252 N

226 2273 285 2327 (p.
314 2273 417 2327 547)
499 2275 554 2313 54
573 2282 592 2314 3
618 2270 806 2326 supplet
829 2276 883 2313 W
908 2272 1048 2315 verba
1072 2286 1222 2316 omnes
1246 2298 1301 2304 —
1327 2273 1388 2328 (6)
1417 2271 1594 2326 fuerint
1620 2269 1668 2312 in
1692 2285 1720 2312 a.
1751 2269 1922 2313 omissa

227 2333 274 2374 et
298 2329 458 2373 scribit
483 2334 508 2372 5
541 2336 743 2374 exercent
760 2353 815 2366 =
834 2335 872 2372 N
983 2335 1037 2374 95
1057 2344 1099 2375 14
1128 2330 1284 2374 nobile
1323 2331 1370 2388 a]
1403 2331 1482 2374 alr
1512 2330 1671 2374 mobile
1702 2333 1756 2370 W
1774 2351 1829 2365 =
1846 2333 1921 2372 Nn

230 2394 313 2433 112
332 2402 351 2433 6
383 2403 580 2433 exercere
605 2411 659 2424 =
685 2393 723 2430 N
880 2394 962 2432 113
983 2403 1023 2434 22
1055 2390 1346 2447 musivarios]
1385 2403 1473 2433 usu
1503 2390 1661 2432 uarios
1691 2403 1719 2430 a
1749 2388 1920 2431 numis-

226 2450 395 2492 marios
419 2452 474 2489 W
491 2470 546 2484 =
564 2453 603 2490 N
690 2453 774 2491 124
792 2461 833 2492 17
857 2449 1102 2507 honestate]
1123 2455 1340 2504 potestate
1364 2453 1418 2490 W
1433 2470 1487 2484 =
1504 2452 1543 2489 N
1634 2451 1772 2490 12429
1798 2460 1921 2491 amo-

226 2508 315 2565 res]
346 2509 534 2551 honores
565 2511 619 2548 W
637 2529 692 2543 =
717 2512 756 2549 N
902 2512 985 2551 125
1004 2520 1045 2552 23
1080 2506 1509 2567 (infortuniorum)
1543 2520 1699 2564 yenere
1730 2510 1785 2547 W
1802 2527 1857 2542 =
1882 2510 1920 2547 N

229 2571 311 2609 129
331 2579 350 2610 3
375 2567 612 2622 partiliter
639 2571 694 2608 W
711 2588 765 2602 =
784 2571 857 2610 Nu
957 2571 1039 2610 140
1059 2580 1100 2611 18
1135 2568 1263 2625 Mo]
1298 2568 1376 2610 alr
1407 2565 1547 2610 IMG.
1573 2570 1640 2618 W,
1671 2566 1920 2620 utrumque

226 2625 370 2668 habet
400 2629 439 2666 N
471 2626 632 2679 (medio
664 2627 771 2682 imo)
874 2630 957 2669 140
975 2639 1016 2670 22
1048 2628 1105 2671 ab
1135 2628 1376 2682 horoscopo
1409 2628 1592 2667 W=N
1674 2628 1755 2667 141
1776 2637 1817 2668 11
1850 2637 1920 2668 or-

226 2691 359 2728 natos
390 2688 443 2725 W
461 2706 515 2719 =
533 2688 572 2725 N
606 2683 714 2727 Sittl
821 2689 904 2729 153
924 2697 965 2728 15
994 2686 1238 2739 foelicitate
1271 2686 1315 2743 a]
1348 2686 1426 2728 alr
1455 2683 1671 2739 foeditate
1695 2687 1750 2725 W
1779 2684 1920 2737 recte,

228 2744 284 2787 cf.
311 2748 349 2785 N
382 2744 623 2799 (falsitate)
721 2747 804 2786 158
823 2755 865 2787 25
896 2745 1130 2788 mobilium
1162 2744 1306 2788 habet
1337 2748 1463 2785 W=
1482 2747 1567 2785 VN
1656 2745 1738 2784 159
1758 2753 1778 2786 5
1810 2742 1920 2786 albu

227 2804 274 2845 et
321 2816 461 2857 supra
507 2815 589 2845 scr.
632 2803 710 2846 alr
748 2803 864 2846 albis
903 2807 957 2844 W
995 2804 1112 2847 albis
1153 2808 1212 2855 N,
1260 2803 1376 2846 albis
1423 2815 1536 2845 corr.
1578 2813 1633 2844 ex
1683 2801 1842 2844 aluum
1871 2802 1920 2842 V

230 2866 311 2903 161
330 2874 351 2904 4
383 2861 715 2917 pseudeneolros
738 2862 784 2919 a]
818 2863 896 2905 alr
911 2863 1157 2918 prophetas
1189 2875 1328 2918 supra
1359 2875 1442 2904 scr.
1458 2865 1512 2902 W
1530 2882 1584 2896 =
1601 2863 1640 2901 N
1671 2861 1719 2902 et
1751 2859 1800 2902 in
1823 2873 1914 2915 mg.

228 2919 379 2965 addit:
419 2921 497 2963 alr
528 2922 850 2976 psephopectas
875 2942 929 2956 =
954 2936 983 2963 v
1113 2925 1197 2964 175
1215 2933 1235 2965 9
1273 2921 1507 2979 reqionum
1539 2923 1594 2961 W
1611 2940 1666 2954 =
1683 2922 1769 2960 NV
1801 2920 1917 2975 (rec-
