2066 3192
864 167 906 211 V
938 171 978 220 4,
1005 179 1120 212 2—7.
1772 168 1839 219 51

153 289 417 360 praesidia
462 289 832 357 conferuntur,
878 291 931 341 et
976 305 1071 356 per
1116 287 1259 357 ipsas
1306 307 1528 359 magnae
1568 288 1846 359 dignitatis

155 368 208 417 et
245 364 596 416 maximorum
634 362 899 416 honorum
931 362 1163 432 insignia
1194 365 1600 432 consequentur.
1670 362 1849 414 Erunt

153 442 333 492 tamen
381 438 509 490 iusti
555 437 721 501 fortes
730 479 744 505 ,
792 435 977 489 amicis
1024 435 1338 490 exhibentes
1386 455 1634 490 amorem.
1727 435 1848 488 Erit

153 513 211 565 in
256 512 386 581 ipsis
431 511 570 564 liber
615 528 813 579 sermo,
864 528 963 580 pro
1012 511 1196 564 amicis
1242 511 1457 564 fortiter
1502 509 1847 565 excusabunt.

111 609 130 642 5
154 586 330 639 Erunt
369 604 494 639 sane
533 585 815 655 temerarii,
854 587 910 637 in
943 585 1090 636 omni
1123 585 1472 639 certaminum
1508 586 1848 639 contentione

159 661 334 731 forteS,
382 663 434 713 et
481 659 572 729 qui
621 659 723 713 sibi
770 677 1064 728 numquam
1112 659 1205 712 sed
1250 660 1436 713 amicis
1483 678 1690 730 semper
1729 676 1849 728 pro-

155 735 304 787 desse
343 734 656 788 desiderent.
734 732 839 787 Sed
889 734 1127 786 existunt
1180 734 1286 787 illis
1339 735 1494 788 amici
1541 735 1900 803 frequenterss

155 810 366 879 ingrati,
407 812 459 860 et
497 808 806 877 frequenter
843 807 981 878 lapsi
1021 809 1215 860 iterum
1257 809 1612 880 corriguntur.
1673 807 1850 860 Erunt

157 884 383 936 duorum
410 886 623 952 patrum
647 883 762 951 filii,
793 883 950 936 unius
974 901 1069 951 per
1092 886 1352 952 naturam,
1381 883 1600 937 alterius
1634 882 1851 952 [damna

91 980 132 1012 ιο
157 957 303 1027 post]
343 976 439 1027 per
478 957 835 1026 adoptionem,
875 960 967 1010 aut
1007 957 1231 1010 duarum
1270 960 1517 1010 matrum.
1566 957 1670 1011 Sed
1708 957 1851 1010 inter

156 1032 310 1085 initia
356 1032 632 1084 habebunt
678 1036 731 1084 et
777 1050 841 1084 ex
889 1031 1147 1084 uxoribus
1193 1032 1390 1101 gaudia
1437 1035 1490 1085 et
1535 1034 1724 1101 postea
1763 1031 1852 1083 do-

155 1108 311 1174 loreS‚
363 1110 416 1159 et
454 1124 518 1158 ex
558 1107 684 1158 filiis
725 1105 983 1159 similiter.
1061 1106 1248 1158 Multis
1287 1106 1582 1176 proderunt
1619 1105 1852 1159 maxima

155 1180 412 1233 habentes
447 1179 722 1234 felicitatis
755 1180 999 1251 insignia.
1072 1179 1174 1233 Sed
1206 1180 1336 1234 haec
1369 1182 1548 1233 omnia
1578 1198 1676 1249 pro
1709 1198 1851 1232 men-

157 1273 280 1308 sura
318 1255 594 1326 geniturae
634 1254 883 1308 decernit.
1560 1255 1563 1258 ’

91 1351 132 1384 15
270 1328 587 1399 [Iuppiter
626 1329 687 1392 in
726 1328 1045 1399 Geminis]
1087 1328 1421 1399 Quicumque
1452 1328 1635 1383 Iovem
1667 1329 1723 1381 in
1756 1326 1901 1381 (ire-7

159 1404 319 1456 minis
365 1403 673 1472 habuerint,
719 1402 946 1474 <erunt>
983 1404 1039 1455 in
1085 1404 1335 1456 maximis
1383 1404 1570 1474 gloriis
1613 1406 1667 1456 et
1704 1406 1853 1472 pote-

160 1479 412 1548 statibus,
462 1478 515 1530 in
564 1478 815 1531 amicitiis
870 1479 1046 1549 gratia
1083 1479 1251 1546 †n0ti
1299 1496 1507 1547 semper
1555 1478 1747 1546 ornati,
1801 1480 1854 1530 et

161 1570 281 1605 cum
328 1552 498 1605 multa
545 1552 892 1621 quaesierint,
938 1552 1071 1605 haec
1118 1553 1301 1605 eadem
1347 1571 1534 1605 rursus
1582 1552 1853 1619 amittunt,

159 1630 213 1680 et
272 1627 384 1679 vita
452 1645 637 1679 eorum
707 1627 920 1679 assidua
981 1627 1381 1680 conmutatione
1449 1627 1698 1680 variatur.
1789 1624 1855 1678 In

93 1723 136 1755 20
160 1701 329 1766 primo
377 1701 519 1754 enim
567 1702 706 1754 vitae
754 1704 995 1770 tempore
1042 1705 1197 1754 erunt
1243 1701 1300 1755 in
1339 1700 1761 1754 dissensionibus
1801 1703 1855 1753 et

160 1776 217 1827 in
263 1775 447 1828 multis
493 1775 725 1844 negotiis
766 1779 818 1828 et
856 1776 912 1827 in
953 1776 1157 1828 damnis
1216 1779 1270 1828 et
1308 1777 1365 1828 in
1404 1775 1667 1846 angustiis
1707 1777 1760 1828 et
1798 1775 1854 1827 in

161 1850 605 1920 aegritudinibUS,
657 1852 710 1902 et
749 1850 812 1902 de
850 1868 1015 1902 uxore
1055 1854 1107 1902 et
1147 1850 1211 1903 de
1248 1849 1375 1903 filiis
1414 1849 1690 1902 habebunt
1730 1849 1855 1902 assi-

162 1923 294 1976 duos
334 1923 541 1976 dolores
552 1967 565 1993 ,
605 1924 860 1992 quamdiu
899 1923 1044 1976 XLV
1087 1942 1252 1977 annos
1293 1925 1482 1977 aetatis
1523 1924 1854 1992 inpleverint.

161 1995 309 2051 Intra
354 1998 495 2050 enim
541 1997 646 2051 hoc
691 1998 949 2068 temporis
996 1999 1228 2068 spatium
1276 1998 1552 2069 geniturae
1591 1998 1628 2066 †
1646 1998 1709 2050 de
1749 2015 1854 2066 quo

96 2094 137 2127 25
162 2073 338 2124 minus
386 2073 699 2141 decreverit,
750 2093 775 2121 *
798 2092 869 2122 **
918 2073 1171 2141 quicquid
1218 2072 1504 2125 habuerint
1551 2072 1855 2140 dissipatur.

285 2268 306 2306 1
343 2262 548 2306 subsidia
579 2265 604 2315 ζ
657 2265 663 2319 Ι
721 2263 783 2320 et]
811 2265 911 2316 utg
958 2265 964 2318 Ι
1014 2263 1142 2319 ipsas
1172 2264 1239 2322 Γ]
1265 2263 1421 2319 ipsum
1446 2265 1484 2306 Δ
1639 2268 1663 2305 2
1698 2276 1854 2306 conse·

164 2324 366 2377 quentur
389 2321 508 2380 A'N]
542 2324 884 2377 consequantur
983 2327 1008 2364 3
1028 2322 1242 2382 (fidum)
1268 2324 1335 2367 vel
1360 2321 1666 2382 <integi-um>
1694 2320 1854 2364 amicis

164 2384 188 2433 ξ
307 2386 333 2423 4
364 2381 413 2424 in
446 2395 528 2426 om.
555 2383 594 2424 Δ
639 2382 646 2436 Ι
689 2381 1032 2425 excusabuntur
1057 2385 1095 2425 Δ
1130 2381 1429 2426 excubabunt
1451 2399 1478 2425 κ
1601 2386 1626 2424 5
1652 2381 1857 2424 omnium

166 2444 291 2482 Bon
413 2445 438 2483 6
472 2441 551 2497 qui
588 2440 678 2483 sibi
710 2441 756 2498 a]
793 2441 842 2484 in
878 2441 1046 2497 quibus
1083 2440 1174 2484 sibi
1206 2443 1245 2484 Δ
1279 2441 1453 2496 iniquis
1491 2442 1536 2484 Γ
1565 2443 1571 2497 Ι
1611 2440 1773 2483 amicis
1808 2440 1854 2497 v]

166 2499 383 2543 amicitiis
508 2505 530 2542 7
566 2499 640 2543 illi
664 2502 703 2543 A
744 2501 750 2558 Ι
789 2499 929 2543 amici
967 2501 1031 2558 Γ]
1073 2500 1310 2545 amicitiae
1342 2503 1381 2543 A
1505 2504 1531 2543 8
1563 2499 1709 2555 lapsis
1741 2513 1854 2543 corr.

164 2573 194 2601 v
315 2563 340 2602 9
374 2559 458 2603 del.
482 2563 520 2601 N
674 2563 727 2602 10
766 2573 850 2614 per
882 2559 1183 2616 adoptionem
1214 2561 1271 2618 R]
1312 2559 1708 2616 perpetrationem

170 2622 222 2660 12
256 2619 303 2661 et
334 2623 438 2662 ante
470 2631 525 2660 ex
556 2617 663 2661 filiis
707 2633 788 2662 om.
816 2621 893 2661 Δκ
1004 2624 1058 2662 15
1091 2620 1250 2664 lemma
1282 2633 1364 2663 om.
1392 2621 1431 2662 A
1528 2623 1580 2661 16
1606 2617 1858 2660 habuerint

167 2677 216 2719 in
240 2676 447 2720 Geminis
477 2679 523 2720 Γ
544 2679 549 2733 Ι
586 2678 690 2721 add.
717 2681 741 2730 ζ
863 2682 915 2720 17
950 2679 997 2721 et
1020 2678 1068 2721 in
1095 2678 1232 2734 0(.9)v
1259 2680 1264 2734 Ι
1293 2677 1447 2735 gratia
1469 2691 1552 2721 om.
1573 2679 1612 2720 A
1641 2680 1648 2733 Ι
1675 2676 1857 2733 gratiae

168 2736 434 2780 testimonio
459 2737 527 2780 vel
549 2736 719 2780 notitia
744 2754 771 2779 κ
802 2737 940 2793 grati,
965 2737 1173 2795 noti<tia
1197 2750 1471 2794 magnorum
1496 2736 1731 2794 virorum>
1758 2748 1781 2779 σ

171 2799 223 2837 19
259 2796 306 2838 et
335 2795 433 2839 vita
456 2795 538 2852 κσ]
571 2797 618 2839 et
648 2809 742 2839 una
776 2798 820 2838 Γ
843 2795 1031 2840 fortuna
1055 2799 1094 2840 A
1131 2800 1137 2852 1
1166 2796 1514 2840 conversatione
1540 2798 1578 2839 A
1613 2795 1856 2839 continua-

167 2854 294 2897 tione
326 2859 363 2896 A
398 2855 404 2910 Ι
446 2855 683 2898 variantur
718 2858 764 2898 Γ
879 2860 934 2899 23
966 2855 1022 2898 IL
1054 2860 1094 2898 N
1215 2860 1271 2898 24
1303 2855 1389 2899 hoc
1422 2855 1545 2898 enim
1571 2857 1609 2898 A
1638 2854 1645 2912 1
1672 2856 1856 2910 tempus

169 2927 280 2957 corr.
299 2929 326 2956 a
353 2915 359 2971 1
389 2913 445 2957 de
474 2927 565 2968 quo
597 2916 733 2971 DGv]
767 2928 872 2958 cum
903 2928 995 2969 quo
1019 2919 1058 2957 N
1090 2914 1147 2958 de
1181 2927 1266 2970 ego
1292 2918 1322 2957 0
1356 2928 1440 2972 ego
1467 2918 1500 2956 B
1533 2927 1642 2970 ergo
1668 2918 1705 2955 A
1736 2925 1856 2968 quae

169 2972 413 3027 geniturae
438 2971 652 3015 dominus
684 2987 747 3016 κσ
774 2977 780 3029 Ι
809 2973 866 3015 de
892 2998 946 3005 ——
972 2973 1227 3017 decreverit
1250 2974 1332 3017 del.
1358 2989 1386 3015 a
1504 2976 1558 3015 25
1592 2974 1674 3016 lac.
1700 2977 1803 3016 stat.
1830 2984 1858 3014 κ

1531 3045 1592 3088 4*
