2038 3162
199 98 280 143 LX
647 97 952 143 APPENDIX
983 98 1437 144 PRAEFATIONIS.

202 236 275 290 (=
292 234 340 288 Ρ)
402 245 422 278 3
454 234 551 290 aut]
583 233 637 276 ut
667 236 752 276 Na
805 231 1019 290 miserae]
1052 233 1150 276 dire
1182 237 1265 277 Na
1324 246 1348 278 4
1377 233 1650 290 patrimonii
1678 235 1780 280 hab.
1804 239 1889 279 Na

219 291 353 349 ==A')
407 304 426 337 5
445 306 653 336 amorum
671 290 965 348 amplexibus
980 292 1279 349 implicentur
1294 297 1378 336 Na
1432 293 1517 338 6111
1533 308 1617 338 om.
1635 298 1719 338 Na
1736 295 1809 350 (=
1818 292 1889 351 Af)

203 365 221 396 7
255 354 303 395 01
334 350 557 408 quicquid
592 350 962 395 desiderauerint
987 351 1128 396 facile
1153 354 1496 407 consequantur
1524 357 1608 397 Na
1670 365 1712 397 13
1742 354 1888 410 impe-

203 411 391 455 dientur
413 415 452 453 N
475 412 527 455 in
550 416 677 455 textu
700 425 735 454 α
761 412 833 468 (=
850 409 934 467 A')]
969 410 1023 453 ai
1054 410 1304 468 expedient
1326 415 1365 454 N
1396 413 1471 456 im.
1556 425 1597 456 17
1630 411 1714 456 alii
1745 425 1890 468 aqua-

201 485 304 514 rum
334 472 436 515 hab.
461 474 499 512 N
538 483 766 525 aquarum
797 483 879 514 om.
907 485 942 513 α
1034 483 1076 514 20
1115 484 1143 514 a
1173 471 1274 515 hab.
1300 475 1384 515 Na
1416 474 1489 528 (=
1506 470 1574 527 A')
1665 484 1706 516 21
1746 471 1892 516 faciet

201 531 302 574 hab.
327 534 411 574 Na
443 531 514 586 (=
532 528 601 585 A')
692 541 736 573 24
765 528 1031 586 laturarios]
1070 529 1317 574 laboriosis
1348 534 1432 574 Na
1523 543 1567 575 24
1597 530 1733 575 dorso
1764 530 1890 575 vitae

201 593 285 633 Na
317 591 390 646 (=
407 588 476 645 A')
567 601 609 633 26
641 587 842 632 intrudit
870 587 920 631 in
953 601 1183 634 carcerem
1213 590 1315 634 hab.
1340 593 1423 633 Na
1455 591 1528 647 (=
1545 589 1614 646 A')
1685 589 1889 647 publicis

167 704 169 707 ι
201 649 303 693 hab.
328 653 412 691 Na
445 651 517 706 (=
535 646 603 703 A')
665 660 707 692 28
740 647 943 692 sortibus
976 648 1299 704 coinquinatos
1330 653 1414 692 Na
1497 648 1591 693 225
1611 664 1629 694 1
1660 649 1778 694 facit
1807 654 1891 694 Na

203 720 222 752 5
254 707 476 765 egestatis
507 707 607 752 hab.
634 711 718 750 Na
750 709 822 764 (=
839 705 908 763 A')
981 719 1001 752 6
1033 706 1296 764 vaticinari]
1330 707 1491 764 vagari
1520 713 1604 752 Na
1673 721 1729 753 11.
1748 721 1790 752 12
1820 708 1893 752 in-

202 767 337 823 ponit
355 802 362 810 .
384 802 391 810 .
412 801 422 811 .
439 766 625 824 indicit]
650 765 821 810 indicit
839 802 847 812 .
868 801 876 810 .
897 801 905 809 .
924 766 1125 823 imponit
1146 771 1186 810 N
1247 780 1288 811 17
1316 766 1434 810 facit
1455 771 1539 811 Πα
1600 780 1642 812 19
1673 768 1783 811 fidei
1806 772 1890 812 Na

202 825 403 871 tuitione
434 831 472 869 N
505 829 577 884 (=
595 827 643 881 Ρ)
705 837 747 870 23
778 827 848 882 111]
882 828 965 869 aut
994 830 1078 870 Na
1110 829 1261 884 (ΞΜ)
1331 839 1372 870 27
1405 825 1518 870 luna
1548 833 1654 872 ante
1686 827 1891 871 defluens

198 900 306 942 pon.
331 890 371 928 Ν
447 898 489 930 28
521 899 577 930 ex
607 885 783 942 fenore]
815 885 989 929 fenoris
1021 890 1105 929 Na
1227 885 1356 930 2261
1391 887 1454 943 01]
1487 888 1570 930 aut
1599 891 1683 930 Na
1757 899 1776 930 2
1809 886 1887 930 sed

204 960 286 990 om.
319 949 404 989 Na
495 958 517 988 4
556 944 794 1001 depositas
834 947 881 988 01
917 946 1020 990 hab.
1052 949 1136 988 Na
1168 947 1240 1002 (=
1254 946 1307 1001 Δ)
1408 957 1426 989 7
1466 945 1757 990 substantiae
1795 945 1892 990 illis

202 1018 376 1061 magna
406 1008 490 1048 Na
553 1016 595 1049 13
627 1004 785 1048 efract.
810 1008 894 1048 Na
957 1017 998 1048 17
1030 1003 1190 1060 gladio
1222 1018 1386 1048 seuera
1415 1005 1517 1049 hab.
1541 1009 1625 1048 Na
1687 1017 1729 1049 2ο
1760 1005 1892 1062 geni-

202 1066 309 1107 tura
339 1065 440 1108 hab.
465 1068 549 1108 Na
574 1066 647 1121 (=
666 1062 775 1119 ΕΚ)
838 1076 880 1108 22
911 1062 1089 1107 milites
1113 1068 1196 1108 Na
1259 1077 1301 1108 24
1334 1064 1431 1121 sed]
1465 1065 1547 1107 aut
1575 1068 1659 1107 Na
1705 1063 1756 1107 in
1779 1064 1891 1107 ista·

202 1125 322 1180 rum]
347 1125 576 1166 iustarum
599 1127 683 1166 Na
745 1136 787 1167 26
811 1124 1057 1167 uertantur
1079 1127 1163 1167 Na
1221 1135 1263 1168 29
1288 1123 1482 1167 deiectis
1505 1124 1606 1168 hab.
1625 1127 1707 1167 Na
1732 1126 1804 1181 (==
1822 1122 1890 1179 A')

203 1182 294 1227 227
318 1196 336 1226 1
368 1182 581 1239 geniture
611 1181 727 1226 locis
759 1186 843 1227 Na
920 1195 952 1226 2.
979 1194 1013 1227 3.
1040 1195 1074 1227 6.
1099 1195 1119 1227 9
1150 1181 1346 1239 paricid.
1373 1187 1456 1227 Na
1535 1195 1558 1226 4
1590 1182 1650 1226 ad
1680 1183 1782 1228 hab.
1807 1187 1891 1227 Na

204 1242 406 1299 (επακ)
497 1254 517 1286 6
557 1241 753 1285 exitium
791 1243 893 1286 hab.
926 1246 1009 1286 Na
1042 1244 1114 1299 (=
1133 1241 1244 1297 QA')
1337 1254 1355 1286 7
1394 1241 1769 1298 genialentorum
1807 1247 1891 1286 Na

203 1315 223 1346 8
248 1301 460 1358 coniugis
483 1302 584 1345 hab.
602 1306 686 1345 Na
711 1303 784 1358 (=
798 1299 868 1358 A')
915 1313 958 1345 10
983 1301 1294 1345 decernuntur
1315 1303 1418 1347 hab.
1435 1306 1518 1346 Na
1543 1303 1617 1358 (=
1631 1300 1699 1357 A')
1742 1314 1784 1345 11
1809 1303 1893 1345 aut

203 1361 412 1418 publica]
439 1363 487 1404 et
510 1360 686 1404 afflicta
709 1365 793 1404 Na
855 1373 897 1404 21
926 1360 1115 1417 publice
1139 1360 1557 1405 animaduersionis
1581 1365 1664 1405 Na
1726 1373 1768 1405 23
1792 1362 1890 1417 aut]

203 1422 258 1463 ut
287 1425 370 1464 Na
432 1420 514 1475 qui
544 1434 627 1464 om.
653 1424 736 1463 Na
798 1421 896 1477 aut]
928 1422 983 1463 ut
1012 1424 1096 1464 Na
1169 1432 1208 1464 24
1243 1422 1290 1463 01
1322 1435 1404 1465 om.
1430 1425 1514 1464 Na
1590 1433 1630 1464 27
1663 1419 1779 1464 facit
1810 1422 1893 1463 aut

204 1494 286 1524 om.
313 1483 395 1523 Na
487 1479 580 1523 228
607 1493 624 1523 1
666 1479 924 1523 destinabit
957 1480 1059 1524 hab.
1084 1483 1167 1524 Na
1200 1482 1274 1536 (=
1291 1479 1361 1536 A‘)
1437 1493 1457 1524 2
1490 1478 1893 1524 celeberrimorum

204 1538 382 1582 noticia
413 1552 492 1582 ore
523 1539 771 1595 perueniat
799 1543 884 1582 Na
968 1552 988 1584 3
1019 1538 1068 1581 111
1098 1553 1181 1583 sec.
1205 1554 1290 1584 om.
1314 1543 1398 1583 Na
1480 1552 1503 1583 4
1533 1538 1778 1595 horoscopi
1808 1543 1892 1582 Na

203 1613 326 1641 mars
357 1602 440 1641 Na
474 1599 547 1654 (=
566 1597 635 1654 A')
778 1609 798 1642 5
835 1597 1102 1642 coniunctio
1140 1599 1242 1643 hab.
1267 1603 1350 1641 Na
1383 1599 1457 1654 (=
1474 1596 1543 1656 A‘)
1635 1597 1779 1642 faciet
1807 1602 1891 1641 Na

205 1671 247 1702 10
279 1657 490 1701 erraticis
515 1657 588 1700 vel
619 1657 668 1701 in
700 1671 784 1702 om.
809 1662 892 1701 Na
955 1669 996 1701 15
1029 1657 1231 1702 corarios
1264 1657 1525 1701 callicarios
1557 1662 1641 1701 Na
1694 1671 1828 1701 cocos
1852 1661 1891 1699 N

206 1721 279 1772 (=
296 1718 398 1771 MP)
460 1716 677 1760 ferrarios
708 1721 792 1760 Na
870 1730 912 1761 16
942 1717 1053 1774 igne
1083 1721 1167 1760 Na
1249 1730 1288 1760 17
1323 1717 1468 1772 signis
1500 1717 1593 1760 ista
1625 1716 1891 1760 coniunctio

203 1776 347 1820 fuerit
369 1780 452 1819 Na
515 1788 557 1820 18
587 1775 762 1830 plasias
786 1780 869 1819 Na
894 1777 967 1833 (=
985 1778 1079 1832 ΡΒ)
1142 1789 1183 1820 19
1217 1778 1299 1820 aut
1321 1777 1421 1821 hab.
1446 1780 1530 1820 Na
1555 1778 1628 1833 (=
1645 1775 1714 1827 A')
1777 1788 1818 1820 25
1846 1777 1893 1819 et

206 1835 375 1879 misera
406 1834 478 1878 vel
510 1835 616 1879 scel.
643 1839 727 1878 Na
796 1847 838 1879 26
870 1835 992 1879 enim
1024 1836 1223 1879 tortores
1254 1840 1338 1879 Na
1415 1847 1457 1879 28
1488 1835 1651 1879 uenari
1682 1836 1781 1879 hab.
1808 1839 1891 1878 Na

206 1898 279 1951 (=
297 1894 366 1950 A')
457 1893 550 1938 229
570 1908 588 1938 1
621 1894 756 1951 alios]
791 1892 986 1938 aut‘Noc
1070 1907 1088 1938 2
1121 1894 1327 1938 1000111111
1357 1895 1458 1938 hab.
1483 1899 1566 1938 Na
1600 1897 1672 1951 (=
1690 1893 1759 1951 A‘)
1821 1908 1890 1938 or-

206 1957 361 1998 torum
391 1958 475 1997 Na
552 1966 572 1998 3
603 1953 721 1997 facit
750 1958 834 1997 Na
896 1952 1156 1997 nauclerios
1188 1958 1270 1997 Na
1303 1955 1376 2010 (=
1395 1956 1489 2010 PR)
1566 1966 1586 1997 6
1618 1955 1891 1997 tractantes.

209 2014 256 2056 Si
286 2026 396 2057 uero
427 2013 477 2055 in
517 2013 653 2057 domo
692 2012 856 2057 martis
894 2012 1038 2056 fuerit
1074 2014 1167 2056 ista
1198 2012 1485 2066 coniunctio,
1525 2011 1779 2069 multiplici
1808 2016 1892 2056 Na

207 2086 227 2117 9
260 2073 320 2115 ad
352 2071 498 2116 solem
529 2072 707 2116 feratur
738 2077 821 2116 Na
883 2086 922 2116 11
955 2072 1147 2116 miseros
1179 2077 1262 2116 Na
1329 2085 1371 2116 14
1402 2073 1450 2116 et
1481 2086 1563 2117 om.
1589 2077 1672 2116 Na
1735 2084 1776 2116 18
1808 2086 1893 2127 pu-

206 2132 343 2175 blicis
383 2132 564 2175 actibus
602 2131 951 2188 prouidentiam
989 2132 1161 2176 habere
1201 2134 1248 2175 et
1287 2131 1336 2174 in
1375 2145 1495 2175 omn.
1523 2132 1609 2175 act.
1643 2130 1891 2174 inueniunt

206 2191 353 2247 princ.
379 2195 461 2234 Na
523 2204 566 2235 2ο
598 2191 741 2234 etiam
772 2205 856 2235 om.
881 2195 965 2234 Na
1029 2203 1071 2235 24
1103 2190 1348 2234 constituit
1379 2193 1460 2234 aut
1490 2192 1590 2235 hab.
1616 2195 1699 2234 Na
1733 2192 1806 2247 (=
1823 2189 1892 2246 A')

208 2263 250 2294 26
281 2249 555 2294 mulieribus
586 2255 670 2293 Na
777 2249 872 2294 230
891 2263 910 2294 2
942 2265 970 2293 a
1000 2251 1101 2294 hab.
1126 2255 1209 2294 Na
1243 2252 1314 2304 (=
1335 2249 1446 2304 QA')
1536 2262 1556 2292 3
1588 2252 1671 2292 aut
1701 2263 1785 2293 om.
1809 2253 1892 2293 Na

207 2309 545 2366 pigmentarios
584 2309 729 2353 faciet
767 2311 848 2352 aut
879 2314 962 2352 Na
1054 2322 1074 2353 6
1107 2309 1187 2364 qui
1219 2308 1337 2368 <se>
1368 2314 1450 2352 Na
1543 2322 1561 2353 7
1595 2307 1892 2352 salutationis

208 2373 290 2411 Na
325 2371 397 2424 (=
415 2370 509 2423 PB.)
586 2381 605 2412 9
639 2368 850 2412 abundat
880 2373 919 2410 N
951 2368 1194 2411 abundant
1225 2383 1260 2411 α
1321 2368 1370 2411 111
1403 2382 1486 2411 om.
1511 2373 1595 2411 Na
1665 2381 1705 2411 11
1739 2367 1891 2411 confe-

208 2428 371 2470 rantur
401 2432 484 2471 Na
531 2441 727 2471 uenereo
759 2432 842 2471 Na
896 2426 976 2470 lib.
1003 2427 1090 2470 fac.
1117 2432 1155 2469 N
1201 2426 1475 2470 libidinosos
1508 2441 1591 2472 om.
1617 2441 1652 2470 α
1685 2433 1726 2471 et
1754 2429 1893 2470 inter-

203 2488 381 2543 polavit
403 2487 769 2542 intemperantes
787 2491 891 2530 ante
915 2485 1030 2529 facit
1077 2498 1116 2530 12
1142 2485 1407 2542 implicatos
1425 2490 1507 2529 Na
1526 2489 1599 2540 (--—
1610 2485 1677 2539 A')
1726 2497 1767 2529 13
1790 2485 1894 2541 pul-

210 2547 369 2588 sentur
400 2550 482 2589 Na
516 2548 589 2602 (=·
609 2545 719 2602 QA')
793 2558 835 2590 15
868 2545 998 2588 Luna
1029 2550 1070 2590 et
1099 2545 1216 2588 facit
1246 2559 1330 2590 om.
1355 2549 1438 2587 Na
1514 2557 1555 2588 18
1588 2545 1669 2587 sed
1700 2558 1784 2588 om.
1809 2548 1893 2587 Na

212 2617 252 2648 19
284 2603 380 2676 (a)
413 2605 522 2648 solis
553 2609 635 2648 Na
699 2618 740 2648 22
773 2606 820 2648 01
850 2603 1000 2663 (qui)
1027 2639 1036 2648 .
1060 2640 1068 2648 .
1095 2640 1103 2647 .
1130 2605 1356 2659 quaerant
1387 2608 1469 2647 Na
1532 2616 1574 2648 24
1604 2603 1654 2646 111
1683 2604 1784 2647 hab.
1810 2607 1893 2646 Na

211 2666 283 2718 (=
302 2666 371 2719 A>
441 2676 482 2707 25
513 2664 759 2719 horoscopi
791 2668 874 2707 Na
966 2662 1056 2707 231
1075 2676 1095 2707 3
1127 2669 1167 2707 et
1197 2675 1218 2706 5
1250 2665 1590 2706 consueuerunt
1620 2666 1702 2706 Na
1776 2675 1798 2705 4
1830 2663 1892 2717 et]

211 2724 295 2765 aut
325 2727 406 2765 Na
476 2735 495 2766 5
527 2723 766 2778 pollitores
798 2727 881 2766 Na
913 2723 986 2777 (=
1004 2724 1063 2778 Μ)
1134 2735 1154 2766 8
1184 2724 1445 2766 tornatores
1477 2726 1559 2764 Na
1593 2723 1665 2778 (=
1682 2719 1750 2777 A‘)
1813 2723 1895 2764 aut

211 2795 294 2825 om.
320 2786 402 2824 Na
465 2794 484 2825 9
516 2783 874 2837 praecantantes
905 2786 987 2825 Na
1021 2783 1093 2838 (=
1111 2781 1179 2835 A')
1246 2794 1287 2824 1ο
1318 2781 1463 2824 faciet
1491 2781 1592 2824 hab.
1618 2785 1701 2823 Na
1734 2782 1807 2836 (τε
1824 2779 1893 2835 A'>

211 2839 388 2883 habent
418 2845 500 2883 Na
587 2854 627 2884 16
660 2843 707 2884 et
737 2841 838 2885 hab.
863 2844 946 2884 Na
1023 2853 1066 2884 20
1095 2840 1320 2883 redditur.
1368 2839 1428 2882 Et
1458 2838 1575 2882 facit
1604 2843 1687 2882 Na
1772 2851 1811 2882 21
1843 2838 1894 2881 111

212 2913 294 2944 om.
321 2903 403 2942 Na
466 2911 506 2943 22
539 2900 587 2943 01
617 2913 699 2943 om.
724 2904 806 2943 Na
832 2901 905 2956 (=
923 2898 992 2957 A‘)
1055 2911 1096 2945 23
1127 2899 1252 2956 quod
1278 2899 1406 2956 greci
1436 2897 1779 2956 phichrocoelio
1810 2902 1892 2942 Na
