2078 3174
816 125 881 169 V]
912 130 984 182 81,
1008 137 1169 170 ³5—4o.
1736 124 1844 177 159

150 247 409 300 diametra
470 246 762 300 Saturnum
821 246 1117 299 radiatione
1177 246 1465 316 percutiat,
1525 245 1655 298 facit
1708 247 1845 298 tales

149 339 283 390 quos
336 339 530 375 uxores
584 339 709 374 suae
763 320 1009 373 omnibus
1065 319 1348 389 generibus
1400 323 1734 388 execrentur,
1788 322 1846 372 et

149 413 375 464 corpora
424 413 607 449 eorum
658 394 853 447 hircini
902 393 1083 446 odoris
1133 394 1346 446 tristem
1395 393 1636 446 illuviem
1687 394 1839 446 desu-

148 469 285 522 datis
331 469 584 540 gravibus
628 467 944 520 humoribus
987 471 1292 537 evaporant.
1368 466 1546 519 Erunt
1584 468 1744 520 etiam
1783 466 1844 520 hi

102 563 123 596 ε
146 544 252 612 ipsi
289 543 576 612 †execrati
613 542 760 595 coitu
799 545 853 594 et
891 559 955 594 ex
995 542 1235 594 venereis
1276 541 1592 594 libidinibus
1632 558 1845 610 semper

148 618 389 687 infameS,
437 615 757 683 [hominum]
807 619 861 668 et
907 616 1040 668 tales
1087 615 1179 684 qui
1225 615 1560 684 promiscuae
1599 615 1840 668 libidinis

145 692 370 744 vitiosos
431 689 745 743 concubitus
806 689 1045 759 proiecta
1103 690 1298 742 mentis
1361 689 1653 759 cupiditate
1709 690 1840 742 desi-

148 765 347 818 derent.
433 762 536 817 Sed
587 764 720 818 haec
771 783 836 817 ex
886 763 1066 832 aliqua
1114 766 1267 832 parte
1316 762 1562 834 Iuppiter
1609 763 1839 834 mitigat,

146 839 191 891 si
238 838 501 892 Venerem
551 837 817 909 trigonica
865 838 1163 891 radiatione
1211 839 1530 907 respexerit,
1579 841 1674 891 aut
1720 857 1807 890 ex·
1825 849 1970 893 fomov
1978 853 2025 885 11

78 934 120 966 10
145 912 431 966 istentibus
469 913 659 965 ceteris
698 911 877 964 odoris
916 915 1127 975 tantum
1166 913 1331 982 tergit
1368 912 1623 965 illuviem.

256 1000 315 1054 Si
359 1001 513 1054 Luna
558 1004 611 1053 et
659 999 922 1053 Saturnus
970 1004 1024 1054 et
1069 1000 1254 1054 Venus
1299 1000 1358 1053 in
1403 999 1523 1053 VII.
1570 1000 1636 1053 ab
1681 999 1837 1053 horo·
1855 1001 1931 1053 39

145 1093 306 1144 scopo
352 1076 472 1128 loco
519 1076 575 1128 id
613 1079 695 1128 est
734 1075 791 1128 in
829 1093 1020 1128 occasu
1060 1075 1168 1128 sint
1208 1074 1507 1143 constituti,
1554 1093 1675 1128 cum
1714 1076 1838 1128 effe-

144 1149 336 1202 minati
370 1150 610 1219 corporis
640 1150 868 1205 mollitie
900 1149 1149 1202 cinaedos
1182 1149 1432 1217 efficient,
1473 1149 1565 1218 qui
1595 1151 1838 1201 veterum

142 1223 443 1277 fabularum
482 1225 657 1277 exitus
697 1223 755 1276 in
786 1223 990 1276 scaenis
1021 1241 1231 1292 semper
1262 1223 1516 1276 saltantes
1547 1223 1838 1291 imitentur,

78 1318 119 1351 15
142 1299 453 1366 praesertim
486 1298 531 1350 si
564 1299 641 1352 sic
673 1316 808 1367 quos
841 1298 1073 1351 diximus
1105 1298 1428 1350 constitutos
1460 1298 1516 1349 in
1547 1296 1661 1350 MC.
1693 1297 1840 1350 Mars

142 1373 352 1440 positus
386 1372 644 1441 quadrata
672 1373 967 1424 radiatione
998 1372 1305 1440 respexerit.
1367 1370 1589 1439 <Tunc>
1617 1373 1838 1440 inpuros

141 1447 305 1500 faciet
349 1450 404 1500 et
450 1446 517 1498 ad
563 1465 719 1499 omne
762 1446 1083 1499 libidinosae
1129 1447 1321 1498 vitium
1360 1445 1709 1515 turpitudinis
1749 1465 1836 1515 ap-

142 1521 394 1589 plicatOS,
434 1523 488 1572 et
526 1520 619 1590 qui
660 1539 869 1589 semper
908 1539 1028 1574 cum
1066 1520 1324 1573 uxoribus
1364 1521 1473 1572 suis
1513 1520 1704 1588 inpuro
1744 1524 1838 1573 aut

142 1594 394 1664 inpudico
436 1594 582 1647 coitu
619 1594 925 1666 iungantur.
1004 1593 1060 1646 Si
1100 1612 1227 1646 vero
1267 1595 1366 1646 hos
1408 1612 1590 1646 omnes
1630 1595 1708 1647 sic
1744 1612 1836 1663 po-

75 1690 117 1722 so
141 1669 275 1722 sitos
306 1668 363 1721 id
393 1671 474 1721 est
505 1669 562 1722 in
594 1687 785 1723 occasu
823 1686 888 1721 ex
926 1671 1078 1738 parte
1108 1667 1253 1721 IMC.
1292 1667 1535 1737 Iuppiter
1577 1668 1836 1737 quadrata

141 1743 436 1796 radiatione
487 1744 799 1812 respexerit,
855 1761 975 1796 cum
1028 1742 1114 1796 his
1170 1743 1420 1795 omnibus
1473 1742 1620 1795 vitiis
1674 1743 1835 1795 etiam

139 1835 429 1886 puerorum
469 1820 734 1870 amatores
773 1817 983 1870 efficiet.

254 1905 312 1959 Si
349 1904 592 1976 Iuppiter
631 1910 684 1959 et
724 1905 985 1958 Saturnus
1025 1909 1078 1958 et
1118 1905 1300 1958 Venus
1342 1905 1586 1974 [fuerint]
1626 1904 1683 1957 in
1720 1904 1832 1958 MC.
1850 1904 1929 1957 40

140 1980 406 2048 partiliter
440 1980 722 2033 constituti
761 1983 987 2049 aequata
1026 1979 1129 2033 sibi
1168 1979 1403 2049 partium
1437 1979 1690 2033 societate
1720 1979 1836 2031 iun—

75 2076 116 2109 25
141 2057 353 2124 gantur,
404 2058 458 2107 et
504 2055 561 2106 in
605 2052 750 2107 IMC.
795 2053 940 2106 Mars
980 2054 1305 2106 constitutus
1345 2072 1528 2106 omnes
1577 2053 1678 2106 hos
1729 2053 1837 2105 dia-

142 2131 314 2180 metra
353 2128 649 2181 radiatione
688 2128 954 2197 respiciat,
992 2127 1199 2180 faciunt
1236 2145 1525 2197 puerorum
1557 2130 1835 2196 amatoreS,

262 2278 284 2316 1
321 2273 508 2317 Saturni
541 2276 580 2317 A
697 2278 722 2316 2
757 2276 1028 2318 exercentur
1057 2277 1140 2316 BH
1253 2277 1279 2317 3
1312 2287 1478 2330 corpus
1510 2275 1550 2316 Δ
1668 2277 1695 2316 4
1727 2286 1833 2317 eva.-

140 2335 310 2388 porata
346 2335 392 2376 Γ
507 2338 533 2376 5
566 2332 770 2376 execrati
794 2337 831 2376 A
870 2335 1084 2376 execrato
1108 2338 1183 2375 Dv
1222 2333 1421 2376 exerrati
1445 2336 1525 2375 BG
1563 2332 1746 2376 executi
1768 2337 1833 2387 Ν,-

141 2392 249 2436 latet
287 2392 560 2436 adiectivum
598 2394 650 2436 i‘n
689 2391 754 2435 ali
797 2393 963 2437 cadens
1001 2407 1102 2437 cum
1142 2405 1197 2435 ex
1233 2398 1454 2437 structum
1485 2394 1510 2444 ζ
1547 2405 1603 2436 ex
1640 2391 1776 2435 ferali
1808 2406 1837 2435 ο·

140 2465 195 2494 cx
227 2450 389 2495 crebro
420 2468 448 2495 κ
488 2465 543 2495 ex
574 2451 743 2495 iterato
776 2454 801 2504 ζ
935 2456 959 2495 6
993 2453 1076 2496 del.
1109 2454 1177 2505 Δ,·
1210 2466 1273 2495 an
1304 2452 1472 2496 caecidit
1502 2450 1713 2508 aliquid?

143 2515 166 2552 7
198 2523 346 2566 prona
378 2524 403 2554 σ
536 2515 561 2554 9
593 2510 750 2554 Venus
782 2525 896 2556 corr.
930 2514 992 2563 κζ
1046 2513 1052 2567 Ι
1108 2510 1435 2555 resistentibus
1474 2528 1502 2554 κ
1635 2514 1690 2554 10
1722 2510 1832 2553 odo-

138 2569 202 2612 ris
234 2583 318 2613 om.
351 2572 392 2613 Δ
533 2575 584 2613 11
620 2572 667 2613 et
692 2572 828 2626 prius
859 2585 942 2615 om.
976 2573 1015 2613 Δ
1159 2575 1213 2612 13
1247 2570 1367 2629 <et>
1401 2570 1481 2626 qui
1513 2585 1540 2611 a.
1677 2573 1730 2612 15
1765 2569 1833 2612 sic

139 2628 216 2686 κζ]
248 2628 298 2671 hi
370 2631 376 2684 Ι
449 2629 730 2672 constitutus
763 2643 877 2674 corr.
910 2631 971 2682 κζ
1038 2632 1045 2686 Ι
1116 2628 1236 2673 IMC.
1273 2631 1320 2673 Γ
1465 2634 1518 2671 16
1552 2629 1657 2672 add.
1691 2632 1716 2680 ζ

142 2692 196 2731 18
230 2688 331 2745 aut]
365 2701 419 2731 ac
450 2692 486 2730 D
522 2691 570 2731 et
601 2690 626 2740 ζ
743 2693 798 2731 20
830 2688 879 2731 id
905 2691 977 2731 est
999 2688 1076 2746 κζ]
1107 2687 1214 2732 illos
1265 2691 1271 2743 Ι
1321 2702 1377 2731 ex
1406 2691 1542 2744 parte
1566 2688 1613 2745 κ]
1646 2690 1693 2730 et
1723 2700 1832 2743 par-

139 2748 208 2790 tes
239 2746 288 2789 in
321 2749 387 2802 (et
409 2746 570 2803 partili
602 2747 651 2789 in
682 2749 737 2804 R)
796 2749 802 2805 Ι
860 2745 956 2791 MC.
990 2750 1030 2791 Δ
1089 2749 1095 2799 Ι
1154 2761 1182 2790 a
1213 2747 1521 2804 quadratione
1554 2749 1594 2789 Δ
1628 2749 1673 2802 (a
1705 2752 1747 2790 et
1778 2748 1828 2802 G)

199 2809 253 2848 21
287 2805 431 2849 etiam
460 2807 609 2863 NAG]
657 2808 704 2850 et
838 2810 894 2849 23
925 2806 1101 2849 fuerint
1131 2807 1212 2851 hoc
1241 2809 1335 2851 loco
1365 2811 1442 2848 Ην
1465 2811 1571 2862 post
1603 2804 1830 2848 Saturnus

143 2866 243 2918 ΓΙ),
275 2865 356 2909 del.
391 2868 416 2917 ζ
535 2870 591 2908 24
621 2864 857 2921 partiliter
884 2865 951 2923 Γ]
983 2867 1117 2921 parte
1149 2868 1190 2909 A
1241 2868 1247 2923 Ι
1297 2865 1443 2921 partis
1481 2867 1527 2908 Γ
1642 2869 1695 2908 25
1730 2863 1828 2908 MC.

139 2926 179 2966 A
238 2926 244 2979 Ι
300 2923 385 2967 hos
417 2937 576 2967 omnes
609 2927 648 2967 A
