2090 3198
742 159 845 204 VIII
876 165 948 215 25,
972 164 1125 213 6-26,
1150 171 1183 203 3.
1698 157 1805 209 335

117 284 226 333 tate
274 281 464 334 ornati.
540 280 603 333 In
650 285 802 350 parte
840 279 1006 332 XXX.
1046 279 1238 332 Librae
1278 279 1601 348 quicumque
1642 277 1806 330 habu-

118 354 257 407 erint
306 356 677 423 horoscopum,
729 358 884 407 erunt
932 353 1210 406 mendaces
1257 353 1484 420 verbosi,
1530 351 1807 404 affluentia

118 430 380 482 sermonis
415 429 603 481 inflati.
675 427 877 491 Quodsi
915 427 1193 480 benivolae
1234 429 1419 480 stellae
1458 426 1570 479 illic
1606 425 1807 478 fuerint

118 505 423 571 collocatae,
469 506 624 556 erunt
672 502 860 555 medici
907 501 1089 572 magni
1135 503 1562 571 peregrinatores
1601 499 1806 552 biotha-

73 598 92 631 5
115 578 242 628 nati.
298 576 360 630 In
393 577 565 630 Boote
598 577 918 645 quicumque
942 575 1230 628 habuerint
1251 576 1629 644 horoscopum,
1653 577 1807 626 erunt

118 651 287 703 divini
326 651 585 721 astrologi
626 651 756 703 artis
798 649 1113 703 Chaldaicae
1151 650 1325 720 periti.

634 828 830 882 XXVI.
872 826 1284 898 [scoapms]

226 930 288 983 In
319 935 470 1000 parte
502 931 541 984 I.
571 931 782 1002 Scorpii
815 932 1137 1001 quicumque
1162 931 1407 984 habuerit
1431 931 1803 1000 horoscopum,
1826 929 1853 981 1

116 1005 217 1057 erit
262 1005 564 1059 incantator
611 1007 703 1075 qui
749 1006 977 1059 latentes
1025 1006 1234 1059 dolores
1280 1005 1496 1075 mitiget
1541 1009 1806 1075 potestate

49 1103 92 1136 10
115 1079 415 1136 verborum.
516 1079 581 1133 In
642 1084 793 1150 parte
853 1080 918 1133 H.
983 1079 1194 1149 Scorpii
1257 1081 1579 1149 quicumque
1639 1079 1805 1132 habu-

115 1153 254 1205 erint
306 1154 688 1223 horoscopum,
750 1158 906 1207 erunt
958 1158 1142 1224 turpes
1198 1155 1496 1207 meretricio
1559 1155 1804 1222 squalore

115 1245 272 1296 saepe
310 1228 521 1297 polluti.
598 1227 661 1281 In
699 1233 849 1298 parte
889 1228 983 1283 III.
1025 1227 1235 1298 Scorpii
1278 1229 1600 1297 quicumque
1639 1228 1804 1281 habu-

114 1302 253 1354 erint
305 1302 678 1372 horoscopum,
733 1306 889 1356 erunt
940 1303 1067 1355 nani
1119 1303 1391 1374 gibberosi
1438 1302 1665 1355 ridiculi.
1741 1301 1804 1354 In

113 1379 265 1445 parte
310 1375 402 1429 IV.
448 1376 658 1446 Scorpii
713 1378 1034 1446 quicumque
1088 1377 1376 1430 habuerint
1428 1377 1803 1446 horoscopum,

47 1473 89 1505 15
114 1453 271 1502 erunt
323 1451 448 1502 nani
503 1470 689 1522 regum
736 1453 821 1504 vel
871 1453 1252 1520 imperatorum
1301 1451 1507 1505 deliciis
1547 1451 1802 1521 deputati.

112 1523 176 1575 In
206 1528 355 1593 parte
387 1524 450 1577 V.
487 1524 696 1595 Scorpii
728 1526 1050 1594 quicumque
1080 1526 1369 1578 habuerint
1399 1525 1774 1595 horoscopum,
1793 1533 1981 1579 fot-111*

112 1597 264 1650 Luna
318 1599 451 1651 bene
505 1600 696 1668 posita,
743 1603 901 1652 erunt
937 1600 1146 1652 nobiles
1186 1600 1315 1653 iusti
1361 1600 1619 1670 religiosi,
1658 1599 1852 1669 [qui]2

113 1672 382 1740 praeclaro
423 1674 703 1727 affinitatis
744 1675 918 1728 ornati
957 1675 1242 1728 consortio.
1312 1673 1602 1727 Habebunt
1638 1673 1803 1742 pluri-

113 1764 229 1799 mos
275 1747 486 1801 liberos.
567 1747 670 1802 Sed
715 1749 773 1801 hi
821 1767 885 1801 ex
932 1748 1243 1820 magisterio
1283 1748 1369 1800 vel
1408 1748 1802 1832 interpretatio-

0 1869 1 1872 ,
47 1845 90 1877 20
112 1820 270 1872 nibus
317 1821 591 1875 habebunt
637 1824 780 1875 vitae
826 1823 1194 1876 substantiam.
1270 1822 1448 1875 Erunt
1494 1823 1635 1892 regis
1675 1823 1802 1876 scri-

0 1896 1 1910 ³
113 1894 226 1961 bae,
258 1895 555 1948 litterarum
592 1901 881 1951 tractantes
915 1898 1094 1950 officia
1125 1897 1284 1967 [sua]
1327 1896 1442 1949 Hos
1474 1897 1581 1948 fida
1611 1915 1801 1967 regum

113 1968 350 2022 amicitia
387 1970 710 2023 nobilitabit.
786 1971 850 2024 In
887 1975 1038 2040 parte
1077 1970 1169 2024 VI.
1211 1971 1523 2040 Scorpionis
1563 1971 1801 2039 quicum-

114 2060 216 2110 que
262 2043 549 2096 habuerint
599 2046 970 2114 horoscopum,
1025 2049 1182 2099 erunt
1236 2045 1536 2098 sacerdotes
1592 2045 1801 2114 divites,

112 2115 308 2170 liberos
348 2118 549 2170 multos
587 2118 858 2172 habentes.
938 2118 1041 2172 Sed
1072 2120 1378 2187 frequenter
1409 2138 1472 2172 ex
1505 2137 1691 2189 regum
1724 2120 1801 2172 in-

46 2214 88 2247 35
115 2190 426 2260 dignatione
465 2193 776 2246 morientur.
851 2192 916 2245 In
954 2197 1105 2262 parte
1145 2192 1263 2246 VII.
1306 2192 1515 2262 Scorpii
1564 2192 1853 2261 quicum-3

115 2283 217 2333 que
249 2265 497 2318 habuerit
526 2266 903 2336 horoscopum,
935 2286 965 2319 a
996 2267 1181 2320 bestiis
1220 2267 1490 2320 morietur.
1553 2266 1617 2319 In
1648 2271 1800 2335 parte

113 2337 259 2391 VIII.
295 2338 504 2408 Scorpii
545 2341 866 2410 quicumque
905 2341 1191 2394 habuerint
1230 2341 1604 2410 horoscopum,
1645 2346 1800 2394 erunt

233 2490 254 2528 1
290 2484 429 2530 XXX.
461 2487 507 2529 L.
620 2491 657 2529 A
699 2487 838 2531 XXX.
871 2503 916 2543 p.
949 2487 998 2531 L.
1033 2492 1104 2530 Gv
1240 2492 1265 2530 5
1305 2488 1487 2532 Bootes.
1521 2488 1601 2543 qui
1633 2487 1682 2530 in
1713 2488 1799 2530 hoc

114 2546 238 2587 astro
271 2544 376 2588 hab.
410 2546 588 2589 horosc.
622 2548 661 2589 A
791 2551 816 2589 6
850 2546 998 2590 divini
1029 2561 1112 2591 om.
1147 2549 1186 2590 Δ
1322 2552 1348 2590 8
1377 2562 1460 2602 per
1491 2553 1633 2591 totum
1664 2552 1802 2603 caput

111 2605 206 2647 nisi
230 2605 364 2648 aliter
385 2610 574 2648 notatur
597 2619 834 2649 numerum
859 2612 964 2650 ante
987 2607 1121 2662 parte
1139 2612 1325 2662 ponunt
1351 2609 1398 2650 Γ
1423 2612 1463 2651 et
1495 2605 1673 2661 Scorpii
1697 2607 1799 2650 hab.

116 2664 163 2705 Γ
190 2661 453 2718 Scorpionis
479 2666 518 2706 Δ
548 2666 554 2719 Ι
583 2663 708 2720 Sc.p
915 2670 969 2708 10
1001 2666 1178 2708 horosc.
1203 2665 1309 2708 hab.
1339 2668 1387 2710 Γ
1503 2670 1556 2708 12
1590 2665 1660 2709 Sc.
1686 2681 1730 2721 p.
1762 2667 1807 2708 Γ

174 2725 228 2764 13
260 2722 430 2778 gilbosi
454 2727 489 2764 1)
521 2679 722 2779 gibbospi
730 2727 806 2765 Ην
959 2729 1012 2767 14
1046 2723 1116 2768 Sc.
1141 2740 1186 2780 p.
1214 2729 1285 2767 Gv
1438 2729 1491 2767 16
1525 2724 1595 2768 Sc.
1627 2740 1671 2781 p.
1702 2726 1748 2767 Γ

116 2784 168 2822 17
202 2781 283 2824 del.
311 2784 336 2833 ζ
362 2781 664 2838 religiosique
690 2797 715 2826 σ
837 2787 890 2826 19
923 2783 973 2826 hi
995 2783 1036 2841 ζ]
1063 2783 1102 2827 si
1223 2789 1278 2826 21
1312 2785 1519 2827 tractans
1543 2782 1592 2826 A‘
1623 2787 1629 2839 Ι
1664 2784 1747 2828 del.
1773 2799 1800 2826 a

113 2842 192 2894 (cm
224 2839 346 2884 sed?
374 2843 410 2897 ζ)
533 2846 587 2883 22
622 2840 691 2884 Sc.
724 2857 767 2898 p.
805 2843 852 2884 Γ
902 2843 908 2898 1
967 2842 1232 2898 Scorpionis
1262 2844 1334 2886 hic
1365 2849 1407 2887 et
1437 2846 1473 2884 Δ
1517 2842 1672 2898 Scorp.
1706 2848 1740 2885 G

114 2903 169 2942 24
200 2898 306 2943 hab.
333 2899 412 2942 lib.
439 2899 570 2942 mult.
606 2914 631 2943 σ
687 2902 693 2955 Ι
752 2901 832 2944 sed
865 2915 947 2945 om.
973 2903 1012 2944 A
1071 2905 1077 2957 Ι
1135 2915 1190 2944 ex
1222 2915 1385 2958 regum
1418 2903 1479 2959 A]
1512 2901 1729 2958 exiguum
1760 2904 1806 2945 Γ

173 2962 227 3001 25
260 2959 518 3002 moriantur
548 2964 583 3001 Ι)
630 2959 889 3003 moriuntur
918 2964 994 3002 Ην
1051 2962 1057 3007 Ι
1116 2960 1184 3004 Sc.
1219 2976 1262 3016 p.
1297 2960 1346 3003 A'
1485 2965 1540 3003 26
1575 2960 1643 3003 Sc.
1676 2977 1720 3017 p.
1764 2963 1806 3003 Γ
