2078 3174
813 122 877 166 VI
909 126 979 177 31,
1004 134 1164 167 69—76.
1732 122 1832 175 169

147 245 305 313 plena
351 245 608 297 diametra
652 243 948 296 radiatione
993 243 1272 311 percutiat,
1318 246 1541 311 propter
1577 243 1701 295 falsi
1741 243 1837 295 cri-

147 336 270 371 men
308 318 552 388 publicae
590 317 881 371 decernunt
916 317 1105 369 mortis
1145 316 1384 385 exitium,
1422 319 1484 369 ut
1522 317 1579 370 in
1613 318 1717 370 isto
1751 318 1836 370 de-

147 392 275 444 tecti
316 392 535 445 crimine
574 409 755 444 severa
791 390 983 443 iudicis
1022 390 1480 444 animadversione
1518 391 1835 460 plectantur.

150 464 207 518 Si
254 485 379 519 vero
420 465 543 519 Sole
590 466 646 518 in
692 465 990 534 horoscopo
1038 465 1331 518 constituto
1380 468 1432 517 et
1480 483 1602 519 cum
1650 465 1832 518 eodem
1857 464 1927 517 73

105 564 124 596 5
149 538 412 593 Mercurio
452 541 728 608 collocato,
770 537 1032 591 Saturnus
1072 543 1125 591 et
1164 538 1309 591 Mars
1347 540 1404 591 in
1444 556 1635 592 occasu
1673 539 1838 608 positi

150 613 328 667 Solem
378 613 632 666 diametra
677 613 973 666 radiatione
1018 613 1329 681 respiciant,
1378 613 1576 666 facient
1622 613 1680 665 in
1716 613 1839 665 falsi

150 688 366 741 crimine
416 687 809 756 conprehensos
858 688 915 740 in
965 704 1171 740 crucem
1223 687 1359 755 tolli,
1407 705 1507 741 nec
1555 687 1659 740 hoc
1703 688 1840 756 peri-

149 763 328 814 culum
366 762 567 815 bonum
605 761 805 830 poterit
843 760 987 814 Iovis
1026 762 1395 814 testimonium
1435 761 1704 831 mitigare,
1748 761 1840 814 sed

149 839 454 904 contempto
501 835 615 888 eius
664 835 885 888 salutari
930 835 1196 904 praesidio
1243 835 1616 888 malivolamm
1664 838 1837 888 stella-

0 941 1 978 3
83 935 126 967 ιο
147 929 267 963 rum
306 911 537 962 minaces
568 910 704 962 radii
737 910 1073 963 omnifariam
1104 909 1350 978 publicae
1382 909 1672 963 decernunt
1702 927 1839 962 mor-

147 984 218 1037 tis
259 984 495 1037 exitium.

261 1056 319 1110 Si
356 1059 414 1110 in
451 1058 751 1127 horoscopo
791 1057 1058 1127 partiliter
1090 1056 1350 1110 Saturnus
1383 1061 1436 1110 et
1466 1057 1609 1110 Mars
1640 1058 1842 1110 fuerint
1861 1058 1934 1110 74

149 1132 410 1201 collocati,
461 1136 515 1185 et
554 1133 610 1184 in
649 1150 840 1185 occasu
881 1131 975 1185 Sol
1014 1136 1068 1184 et
1105 1132 1400 1185 Mercurius
1439 1133 1640 1201 pariter
1677 1132 1842 1200 positi

150 1205 407 1258 diametra
453 1224 543 1259 eos
590 1206 886 1259 radiatione
932 1206 1236 1274 respiciant,
1287 1225 1351 1258 ex
1390 1207 1494 1258 ista
1531 1206 1841 1259 radiationis

84 1304 124 1337 ιε,
150 1282 402 1333 societate
449 1284 542 1333 aut
586 1298 682 1349 pes
729 1282 1036 1350 amputatur
1082 1284 1174 1332 aut
1221 1298 1424 1332 manus.
1503 1279 1607 1332 Sed
1655 1284 1842 1350 postea

151 1371 271 1407 cum
321 1355 423 1407 ista
472 1355 674 1407 fuerint
724 1355 962 1423 corporis
1011 1354 1334 1408 laceratione
1381 1354 1630 1422 confecti,
1682 1355 1842 1407 etiam

150 1429 406 1481 miserum
446 1429 725 1481 incurrunt
762 1428 953 1481 mortis
986 1429 1224 1482 exitium.

264 1501 320 1555 Si
361 1503 418 1555 in
456 1503 641 1555 eodem
682 1503 836 1573 signo
876 1502 1165 1572 horoscopi
1210 1520 1333 1572 pars
1372 1504 1513 1555 inter
1553 1502 1842 1555 Saturnum
1864 1500 1934 1554 75

151 1580 204 1629 et
251 1575 478 1629 Martem
532 1577 707 1629 media
758 1576 922 1629 fuerit
970 1577 1209 1645 inventa,
1267 1577 1510 1646 lugubris
1563 1576 1847 1629 infortunii

85 1675 127 1706 20
151 1654 417 1704 monstrat
465 1651 697 1704 flebilem
748 1669 941 1704 casum.
1017 1650 1159 1704 Nam
1208 1651 1349 1704 intra
1401 1651 1588 1705 matris
1641 1652 1846 1703 viscera

151 1724 391 1794 inpedito
443 1729 599 1794 partu
651 1724 910 1778 laniatum
960 1744 1124 1794 pecus
1174 1726 1381 1779 miseris
1430 1725 1844 1778 lacerationibus

153 1799 464 1868 dissipatur,
511 1803 572 1851 ut
619 1799 696 1852 sic
741 1798 965 1852 artuatis
1011 1801 1272 1853 viscerum
1318 1799 1560 1868 partibus
1607 1799 1845 1852 membra

153 1874 331 1925 omnia
369 1872 598 1926 crudelis
638 1873 852 1926 artificii
890 1874 1154 1942 praesidio
1194 1874 1547 1942 proferantur.

265 1946 321 1999 Si
354 1947 506 2000 Luna
544 1949 601 1999 in
639 1947 839 2016 duplici
879 1949 1034 2019 signo
1074 1949 1368 2001 constituta
1398 1946 1514 2000 MC.
1546 1947 1843 2016 possederit
1862 1945 1930 1999 76

87 2043 129 2076 25
153 2024 374 2089 partem,
405 2025 460 2074 et
488 2023 558 2073 sit
583 2020 844 2074 Saturnus
876 2023 931 2074 in
965 2040 1156 2075 occasu
1188 2022 1512 2074 constitutus
1538 2025 1591 2074 et
1622 2022 1679 2073 in
1701 2020 1843 2073 IMC.

153 2095 313 2164 Mars,
360 2095 585 2147 caducos
634 2096 882 2148 efficient.
960 2094 1160 2159 Quodsi
1200 2095 1354 2148 Luna
1400 2095 1653 2164 synodica
1692 2113 1811 2147 cum
1831 2105 1970 2150 sol-81⁰
1983 2108 2027 2140 ΙΙ

154 2167 278 2221 Sole
317 2169 496 2238 fuerit,
536 2173 588 2221 et
628 2169 699 2222 sit
737 2187 857 2222 cum
899 2188 959 2221 ea
990 2169 1133 2222 Mars
1173 2169 1373 2238 pariter
1412 2171 1752 2236 constitutuS,
1792 2173 1844 2221 et

153 2242 305 2296 Luna
356 2261 473 2295 cum
528 2242 652 2296 Sole
704 2247 756 2295 et
794 2243 965 2296 Marte
1003 2242 1119 2296 MC.
1171 2247 1376 2312 partem
1425 2246 1622 2312 teneat,
1673 2246 1726 2296 et
1773 2243 1843 2295 sit

275 2393 296 2430 1
331 2387 598 2444 percutiant
627 2391 713 2432 AA
838 2393 863 2432 2
895 2389 1000 2432 istis
1032 2392 1071 2432 Δ
1123 2391 1130 2446 Ι
1180 2389 1355 2433 detecti
1386 2389 1433 2447 κ]
1482 2389 1653 2433 deiecti
1685 2393 1720 2431 G
1766 2389 1842 2432 de-

154 2447 288 2491 iectis
311 2451 390 2489 AB
423 2446 608 2491 delictis
632 2450 672 2491 Δ
796 2452 821 2491 9
855 2451 1071 2493 contento
1103 2462 1215 2493 corr.
1241 2453 1314 2491 Dv
1436 2453 1490 2492 10
1522 2449 1728 2492 minaces
1760 2463 1843 2493 om.

155 2509 193 2550 Δ
238 2509 245 2562 Ι
294 2506 450 2550 radios
485 2508 533 2550 Γ
571 2507 704 2550 radio
736 2510 776 2550 Δ
818 2521 929 2552 corr.
964 2524 991 2550 a
1033 2508 1040 2565 Ι
1089 2508 1309 2551 bifariam
1340 2512 1378 2550 A
1422 2508 1567 2552 bonif.
1600 2511 1634 2550 B
1680 2507 1775 2550 bfif.
1811 2512 1846 2550 G

216 2570 270 2610 12
303 2565 547 2622 horoscopi
577 2568 711 2622 parte
743 2569 782 2610 Δ
909 2571 962 2610 13
996 2566 1101 2611 Sole
1132 2566 1227 2610 A'B
1351 2571 1405 2611 14
1439 2581 1516 2610 eos
1548 2581 1631 2611 om.
1664 2566 1759 2609 ΑΚΒ

158 2629 212 2668 15
243 2626 409 2681 postea
441 2625 564 2681 cum]
595 2626 901 2682 posteaquam
927 2639 951 2669 σ
1073 2631 1128 2670 16
1159 2626 1252 2670 ista
1284 2640 1366 2670 om.
1394 2629 1432 2669 Δ
1559 2630 1611 2669 18
1644 2626 1777 2682 parte
1802 2628 1842 2669 Δ

218 2689 270 2727 19
304 2683 503 2727 Martem
534 2683 691 2728 Venus
722 2685 878 2728 media
901 2687 988 2728 AG
1030 2687 1036 2742 Ι
1078 2685 1279 2742 lugubre
1307 2699 1421 2730 corr.
1447 2701 1475 2728 a
1603 2690 1658 2727 20
1689 2684 1845 2728 flebile

161 2745 206 2786 Γ
343 2748 397 2787 21
430 2743 675 2799 impeditio
709 2744 810 2799 (·tie
841 2747 897 2797 N)
928 2746 1092 2800 partus
1125 2747 1165 2788 A
1224 2749 1231 2800 Ι
1280 2746 1444 2801 pectus
1476 2747 1589 2797 AG,
1635 2745 1691 2798 cf.
1724 2745 1786 2788 ad
1817 2745 1853 2787 I

157 2805 260 2854 146,
285 2815 351 2856 19;
390 2803 626 2859 Weyman,
658 2803 849 2847 Studien
880 2817 939 2847 zu
963 2805 1102 2859 Apul.
1121 2818 1172 2859 p.
1199 2807 1289 2848 352
1451 2809 1505 2846 22
1539 2803 1764 2847 viscerum
1795 2803 1844 2860 v]

157 2861 408 2904 visceribus
434 2864 474 2904 A
507 2861 694 2905 visceris
722 2863 769 2905 Γ
884 2867 938 2905 23
973 2861 1141 2905 artifici
1169 2865 1208 2906 A
1238 2865 1244 2919 Ι
1282 2862 1547 2919 proferatur
1576 2876 1688 2907 corr.
1714 2866 1786 2904 Bv

159 2925 213 2963 25
245 2919 363 2965 IMC.
397 2921 458 2978 A]
492 2918 589 2963 MC.
620 2922 666 2963 Γ
783 2925 838 2964 26
871 2921 1127 2977 synodicha
1158 2924 1197 2964 A
1322 2926 1376 2964 27
1410 2922 1473 2966 sit
1504 2922 1602 2980 GN]
1635 2922 1674 2965 si
