2066 3192
818 119 862 165 V
893 125 938 178 4,
962 132 1109 167 20—85
1743 121 1812 174 57

122 242 472 296 humanitatis
512 242 763 296 officium.
839 240 903 295 In
948 241 1125 312 primo
1173 259 1299 294 sane
1337 241 1480 295 vitae
1520 258 1646 294 suae
1684 244 1815 294 tem·
1832 243 1904 295 23

122 335 253 386 pore
314 317 369 369 in
430 316 679 369 omnibus
743 315 901 369 rebus
960 317 1117 368 erunt
1177 315 1528 385 <in>stabiles
1590 318 1643 367 et
1692 332 1814 368 cum

121 409 284 444 uxore
332 389 658 443 dissentient.
738 389 842 443 Sed
880 390 936 442 in
975 389 1150 443 medio
1191 391 1382 442 aetatis
1423 407 1581 442 cursu
1619 390 1814 442 consti-

120 465 225 518 tuti
270 482 528 534 prospera
571 464 827 518 felicitate
872 464 1153 517 laetantur.
1233 462 1336 516 Sed
1382 463 1428 516 si
1474 464 1530 516 in
1568 465 1815 533 genitura

75 559 96 593 ⁵
122 538 382 592 Saturnus
413 537 595 592 Iovem
628 539 684 591 in
717 537 1008 609 Sagittario
1045 537 1398 591 constitutum
1431 541 1524 590 aut
1556 538 1815 606 quadrata

120 616 213 665 aut
252 613 508 666 diametra
546 613 843 666 radiatione
882 612 1191 682 pulsaverit,
1231 615 1324 664 aut
1361 629 1553 665 uxores
1585 630 1691 664 non
1723 611 1814 664 ha-

119 688 322 740 bebunt
360 690 452 740 aut
489 687 647 756 filios.‚
686 687 999 756 praesertim
1040 687 1084 738 si
1125 687 1181 738 in
1212 686 1410 738 finibus
1444 684 1661 738 Saturni
1691 684 1813 755 Iup-

117 761 260 830 piter
311 762 475 814 fuerit
528 763 791 814 inventu&
882 760 1060 813 Erunt
1114 779 1240 814 sane
1292 759 1538 813 homines
1589 778 1813 831 magnae

118 836 387 903 fortunae,
433 835 681 888 liberales
729 834 987 888 amabiles
1034 835 1326 888 multorum
1366 835 1523 888 amici
1563 835 1812 888 omnibus

53 931 96 964 ιο
118 910 236 962 noti
275 910 460 962 mundi
499 910 714 962 honesti
747 909 894 962 omni
924 927 1117 980 genere
1149 909 1409 962 bonitatis
1443 909 1634 979 ornati,
1664 928 1811 978 prae-

118 984 302 1037 sertim
354 984 398 1037 si
444 984 502 1036 in
546 983 736 1054 primis
775 983 1052 1054 geniturae
1090 985 1223 1037 locis
1263 982 1590 1036 constitutus
1630 1001 1812 1052 quam-

117 1075 342 1127 cumque
395 1058 460 1111 de
515 1058 703 1112 ceteris
757 1059 967 1111 stellam
1023 1057 1289 1128 trigonica
1340 1057 1636 1111 radiatione
1698 1060 1811 1126 <re-

117 1131 400 1201 spexerit>.

227 1205 546 1277 [Iuppiter
577 1207 640 1259 in
674 1205 1102 1276 Capricorno]
1144 1205 1478 1276 Quicumque
1505 1205 1686 1259 Iovem
1718 1207 1810 1259 ha·
1827 1210 1900 1263 24

0 1285 1 1315 ³
49 1302 90 1335 15
114 1279 328 1333 buerint
366 1282 422 1334 in
463 1280 810 1351 CapricornO,
854 1283 1010 1333 erunt
1049 1281 1274 1352 gloriosi
1312 1282 1613 1350 potentium
1652 1281 1810 1334 amici

116 1357 406 1408 amicorum
448 1358 649 1408 secreta
687 1354 833 1408 fideli
872 1355 1239 1409 taciturnitate
1279 1359 1564 1408 servantes.
1634 1355 1811 1408 Erunt

114 1429 297 1483 felices
345 1429 436 1482 sed
483 1448 605 1483 cum
642 1427 886 1498 Iuppiter
932 1429 1105 1498 spatia
1152 1430 1369 1484 secundi
1420 1448 1604 1483 cursus
1643 1429 1808 1498 inple-

112 1503 264 1556 verit.
342 1503 480 1557 Nam
531 1506 653 1556 ante
703 1503 808 1556 hoc
855 1507 1066 1573 tempus
1115 1504 1171 1556 in
1219 1522 1556 1573 quocumque
1604 1504 1808 1557 honore

113 1578 296 1646 fuerit,
343 1578 409 1630 ab
458 1579 571 1631 eius
617 1577 839 1630 honoris
886 1579 1130 1648 potentia
1176 1578 1418 1648 deicitur,
1466 1581 1519 1631 et
1559 1582 1715 1632 erunt
1752 1579 1809 1631 in

47 1674 91 1707 zo
115 1652 379 1723 angustiis
427 1655 479 1705 et
526 1653 583 1705 in
630 1652 963 1706 difficillimis
1018 1653 1229 1706 actibus
1295 1653 1666 1706 notationibus
1714 1653 1808 1706 hu-

112 1725 458 1794 militatibus,
512 1726 831 1779 humillimis
878 1726 1188 1780 hominibus
1235 1728 1548 1797 servienteS,
1602 1727 1808 1780 tamdiu

114 1800 370 1869 quamdiu
409 1801 700 1854 secundum
739 1801 1013 1871 trigonum
1054 1802 1197 1871 signi
1236 1801 1473 1854 eiusdem
1515 1801 1667 1872 [loci]
1717 1800 1807 1854 Sa-

112 1878 302 1927 turnus
342 1875 628 1928 transierit.
707 1874 850 1928 Ante
887 1875 991 1928 hoc
1030 1876 1171 1928 enim
1210 1878 1423 1945 tempus
1464 1877 1519 1929 in
1557 1875 1806 1945 plurimis
1824 1894 1894 1947 25

112 1948 386 2002 doloribus
433 1952 487 2000 et
533 1950 590 2001 in
638 1949 846 2002 damnis
900 1952 954 2002 et
1001 1950 1058 2002 in
1105 1951 1278 2003 causis
1326 1954 1379 2003 et
1418 1951 1475 2003 in
1522 1951 1806 2003 contrarie-

45 2044 87 2078 25
112 2023 315 2076 tatibus
362 2024 735 2091 versabuntur,
792 2027 843 2076 et
897 2042 1113 2077 suorum
1168 2028 1368 2077 mortes
1419 2024 1699 2084 videbunt,
1754 2027 1806 2077 et

113 2097 298 2149 multis
337 2098 646 2150 infortuniis
685 2098 1099 2166 inplicabuntur,
1143 2101 1196 2150 et
1236 2099 1293 2151 in
1331 2099 1496 2151 tantis
1535 2101 1691 2151 erunt
1730 2099 1805 2151 in-

111 2170 460 2224 felicitatibus
508 2172 802 2238 constituti‚
847 2175 909 2224 ut
956 2172 1022 2224 ab
1070 2173 1174 2225 ista
1219 2172 1483 2226 malorum
1530 2174 1804 2226 continua-

110 2246 258 2298 tione
296 2249 469 2299 morte
501 2245 721 2315 cupiant
749 2246 980 2299 liberari.
1051 2246 1155 2300 Sed
1186 2265 1307 2300 cum
1340 2245 1603 2300 Saturnus
1636 2251 1804 2300 trans-

110 2319 234 2371 ierit
279 2319 411 2374 haec
457 2338 592 2389 quae
639 2320 871 2373 diximus
911 2321 1042 2389 loca,
1094 2321 1321 2374 exclusis
1362 2322 1610 2374 omnibus
1650 2322 1803 2375 malis

231 2515 255 2553 2
289 2509 482 2554 stabiles
515 2524 628 2555 corr.
652 2515 691 2553 N
722 2510 993 2571 (<semper>
1025 2511 1288 2569 instabiles)
1315 2515 1340 2565 ζ
1458 2518 1482 2556 6
1515 2511 1803 2570 pulsaverint

112 2571 150 2612 Δ
276 2574 327 2612 11
364 2569 671 2614 constitutum
702 2575 741 2612 N
887 2575 941 2614 12
974 2570 1160 2615 stellam
1192 2572 1230 2629 ζ]
1266 2571 1415 2616 stellis
1438 2577 1479 2615 N
1510 2571 1647 2616 stella
1679 2578 1755 2616 cet.
1792 2572 1797 2630 Ι

110 2628 390 2687 trigonicam
414 2628 723 2673 radiationem
740 2634 906 2675 corr.N
933 2632 939 2687 Ι
968 2631 1072 2674 add.
1088 2635 1126 2673 N
1143 2631 1296 2686 (-rint:
1324 2631 1407 2675 -rit
1430 2634 1473 2688 a)
1562 2636 1616 2674 14
1642 2633 1802 2675 lemma

111 2702 193 2732 om.
220 2690 259 2731 Δ
385 2692 438 2732 19
472 2688 687 2747 deicitur]
722 2690 912 2734 creticus
943 2695 1008 2734 est
1127 2695 1181 2733 21
1216 2690 1483 2734 hominibus
1513 2692 1580 2748 Γ]
1620 2691 1668 2734 in
1701 2705 1799 2734 om-

109 2747 247 2790 nibus
280 2749 320 2790 Δ
443 2751 498 2790 22
533 2747 614 2792 del.
640 2751 666 2800 ζ
694 2748 835 2806 (signi
866 2750 948 2793 del.
976 2766 1002 2791 κ
1035 2748 1107 2792 vel
1138 2748 1230 2793 loci
1262 2753 1305 2803 a)
1429 2755 1483 2794 24
1525 2752 1572 2793 et
1611 2750 1659 2793 in
1692 2764 1799 2794 cau-

110 2806 172 2850 sis
206 2833 260 2838 —
295 2810 364 2858 59,
392 2810 415 2849 6
452 2805 723 2862 plectuntur
761 2821 844 2851 om.
870 2811 907 2849 A
939 2811 998 2852 37
1027 2808 1156 2861 foliis
1194 2811 1351 2854 vacuis
1388 2811 1556 2855 relictis
1582 2811 1587 2865 Ι
1617 2812 1798 2853 contra-

111 2865 394 2908 dictionibus
428 2879 538 2910 corr.
565 2883 592 2910 κ
743 2870 800 2909 28
839 2868 987 2910 morte
1021 2867 1111 2925 Gv]
1151 2869 1321 2911 mortes
1359 2871 1404 2911 Γ
1443 2869 1606 2912 mortis
1639 2871 1678 2911 Δ

112 2928 165 2966 29
200 2923 398 2967 exclusis
431 2925 644 2968 omnibus
676 2927 724 2982 v]
757 2925 1100 2969 exclusionibus
