2066 3192
232 128 306 181 94
961 125 1190 172 FIRMICI

232 249 371 301 drati
422 248 566 301 Mars
625 248 951 317 superiorem
1002 247 1280 317 possidens
1329 252 1539 318 partem
1595 251 1653 302 in
1703 248 1921 302 sinistro

233 323 492 392 quadrato
517 321 779 375 Venerem
809 322 1043 391 positam
1075 322 1272 375 minaci
1295 323 1591 376 radiatione
1615 323 1923 391 respexerit,

232 396 410 449 omnia
455 396 597 449 mala
644 396 878 449 decernit
925 396 1028 450 ista
1076 397 1397 450 coniunctio.
1473 397 1624 450 Tunc
1673 397 1817 451 rixas
1869 398 1923 449 et

231 471 585 525 accusationis
633 470 823 524 indicit
869 471 1152 524 metuenda
1199 471 1526 542 discrimina,
1573 475 1704 525 tunc
1749 471 1923 524 virum

232 563 390 598 causa
452 545 688 598 mulieris
746 545 988 614 profecta
1049 545 1242 598 damna
1304 547 1630 599 concutiunt.
1723 544 1925 609 Quodsi
1971 568 1991 601 5

230 621 287 672 in
326 620 547 688 tropicis
587 619 755 689 signis
802 618 966 672 fuerit
1003 620 1107 672 ista
1153 619 1473 690 coniunctio,
1518 623 1649 674 tunc
1687 620 1925 673 virorum

176 744 180 746 ,
232 693 536 746 effeminato
578 710 799 762 corpore
839 693 1012 746 omnis
1050 693 1397 763 inpudicitiae
1435 695 1699 764 inpuritas
1739 712 1925 748 conva-

231 768 397 837 lescit,
451 771 580 820 tunc
633 767 735 820 viri
789 767 1133 820 muliebrium
1187 767 1473 821 libidinum
1524 768 1798 839 patientur
1847 788 1926 822 ar-

231 843 407 912 doreS‚
458 846 586 895 tunc
637 860 759 896 cum
805 842 1025 912 pudoris
1075 842 1596 912 existimationisque
1641 843 1924 914 naufragio

181 917 212 969 6
231 916 515 985 inpudicae
546 916 857 986 inpuritatis
888 916 1102 970 labibus
1134 919 1464 986 polluuntur.
1516 916 1620 971 Sed
1651 921 1705 970 et
1732 935 1925 970 uxores
1951 942 1994 973 10

233 1010 353 1043 suas
407 991 473 1043 ad
528 991 790 1043 adulteria
842 991 1021 1043 venire
1075 993 1404 1062 conpellent,
1458 995 1512 1045 et
1565 991 1752 1045 alienis
1805 1009 1925 1046 con-

231 1064 478 1134 plexibus
517 1065 779 1135 patientia
813 1065 1094 1134 prostituti
1124 1065 1345 1134 pudoris
1379 1066 1647 1135 addicunt,
1687 1070 1740 1119 et
1769 1065 1925 1120 malis

231 1139 484 1208 auspiciis
533 1139 935 1193 matrimonium
983 1139 1292 1209 copulatum
1342 1140 1529 1194 alienis
1569 1143 1769 1212 cogunt
1807 1139 1926 1192 libi-

233 1213 447 1266 dinibus
488 1231 607 1266 cum
648 1214 841 1267 misera
880 1213 1199 1267 calamitatis
1236 1216 1552 1268 necessitate
1585 1216 1797 1284 servire,
1836 1218 1928 1267 aut

231 1287 438 1341 lenonis
498 1289 674 1342 animo
724 1289 896 1341 latens
946 1288 1129 1342 uxoris
1183 1288 1504 1342 adulterium
1555 1289 1784 1343 libenter
1837 1307 1926 1359 ag·
1950 1311 1992 1345 15

232 1365 475 1415 noscunt.
554 1361 609 1415 Si
648 1362 930 1416 mulierum
973 1383 1089 1412 *ηε*
1130 1363 1279 1432 †per
1316 1364 1492 1416 virum
1531 1364 1690 1417 istam
1729 1364 1937 1434 prosti-·

231 1437 337 1490 tuti
388 1436 626 1506 corporis
675 1437 1046 1491 necessitatem
1095 1455 1215 1489 cum
1266 1438 1455 1491 acerbo
1508 1457 1716 1508 semper
1762 1438 1926 1491 animi

185 1512 212 1563 7
236 1511 417 1564 dolore
468 1512 780 1564 sustineant.
858 1510 916 1564 Si
963 1529 1087 1564 vero
1128 1511 1311 1564 Venus
1351 1512 1595 1581 superior
1633 1513 1819 1565 effecta
1873 1515 1926 1564 et

235 1585 481 1638 dextrum
543 1585 823 1655 possidens
884 1587 1026 1638 latus
1095 1585 1321 1638 Martem
1385 1587 1440 1638 in
1503 1586 1745 1640 inferiori
1804 1586 1923 1639 loco

234 1660 584 1713 constitutum
627 1660 884 1729 quadrata
914 1659 1209 1713 radiatione
1239 1662 1544 1731 respexerit,
1583 1661 1715 1714 haec
1746 1661 1928 1713 eadem
1952 1683 1995 1716 20

71 1751 141 1790 fot·
157 1745 247 1781 7101
273 1735 435 1787 simili
474 1735 680 1787 ratione
721 1734 967 1787 decernit.
1039 1733 1142 1788 Sed
1172 1734 1378 1788 facinus
1411 1754 1564 1788 suum
1597 1735 1689 1804 qui
1721 1736 1797 1787 sic
1830 1734 1928 1788 Ve—

233 1827 412 1861 nerem
466 1807 752 1861 habuerint
805 1808 1034 1861 latenter
1081 1812 1341 1877 exercent,
1398 1812 1459 1862 ut
1506 1809 1785 1879 prostituti
1830 1828 1928 1879 pu-

234 1884 375 1936 doris
423 1884 678 1936 scelerata
724 1883 1043 1936 commercia
1094 1883 1367 1936 absconsis
1404 1883 1690 1937 libidinum
1730 1883 1930 1953 inpuri-

354 2034 378 2072 3
413 2033 517 2083 175,
542 2033 570 2072 4
610 2027 782 2084 κρίσεις
821 2028 973 2085 μάχας
1011 2028 1091 2072 καὶ
1123 2027 1287 2102 ζημίας
1318 2027 1398 2074 διὰ
1430 2037 1656 2085 γυναῖκας
1695 2028 1927 2086 σημαίνει·

236 2090 295 2145 (5)
330 2089 370 2132 εἰ
410 2088 461 2133 δὲ
501 2088 550 2133 ἐν
588 2095 828 2144 τροπικοῖς
866 2086 1062 2142 ζωὸίοις,
1095 2085 1391 2145 ἀνδρόγαμος
1426 2088 1551 2133 ἔσται
1583 2087 1807 2145 κίναιδος,
1840 2105 1923 2144 μα-

234 2146 393 2202 λακός,
424 2155 719 2220 πασχητιῶν.
859 2146 1177 2203 συμπράξουσι
1221 2154 1275 2205 τῇ
1324 2146 1504 2222 μόιχείᾳ
1550 2156 1642 2193 τῶν
1689 2155 1924 2204 γυναικῶν

235 2207 388 2252 αὐτῶν
421 2205 449 2263 ἢ
482 2206 655 2257 εἰδότες
686 2206 951 2259 ἀνέξονται·
993 2207 1034 2250 εἰ
1069 2206 1121 2250 δὲ
1152 2205 1376 2264 γυναικός
1407 2194 1530 2253 ἐστιν
1561 2207 1589 2264 ἡ
1622 2207 1903 2281 γέννησις,ο

236 2264 377 2322 μοίως
414 2267 493 2310 καὶ
534 2266 649 2322 αὐτὴ
682 2264 895 2319 ἀνέξεται
927 2265 1072 2310 πολλὰ
1104 2266 1367 2339 λυπουμένη
1402 2267 1477 2311 ἐπὶ
1507 2274 1609 2318 ταῖς
1646 2266 1763 2321 πρὸς
1794 2265 1924 2310 ἄλλο·

235 2324 365 2401 τρίας
396 2325 542 2382 μίξεσι
572 2332 654 2369 τοῦ
688 2323 872 2380 ἀνδρός.
931 2326 971 2369 εἰ
1003 2324 1054 2368 δὲ
1089 2324 1114 2381 ἡ
1146 2323 1385 2382 Αφροὸίτη
1412 2326 1654 2370 δεκατεύοι
1676 2326 1758 2383 τὸν
1775 2323 1923 2381 Ἄρεα,

235 2384 293 2428 τὰ
324 2385 401 2429 ἴσα
432 2392 571 2439 ποιεῖ,
603 2383 722 2441 πλὴν
754 2383 994 2440 λαθραίως
1025 2385 1104 2428 καὶ
1137 2384 1191 2428 οὐ
1225 2392 1451 2440 φανερῶς.

357 2523 378 2560 1
412 2519 596 2574 partem
627 2517 871 2573 possidens
907 2519 954 2561 Γ
1068 2522 1095 2560 4
1128 2517 1450 2561 accusationes
1483 2532 1597 2563 corr.
1623 2532 1650 2561 σ
1681 2518 1800 2578 (et)
1833 2531 1928 2562 me-

237 2577 412 2620 tuenda
442 2576 537 2620 D'a.
569 2576 807 2620 metienda
839 2580 919 2618 BG
937 2577 1041 2620 Pat.
1120 2580 1145 2619 5
1180 2575 1307 2636 (ex)
1335 2590 1474 2620 causa
1499 2593 1526 2620 a
1605 2583 1658 2621 12
1685 2577 1927 2621 constituti

237 2650 349 2681 corr.
374 2641 413 2678 N
445 2637 590 2681 Laur.
621 2639 628 2691 Ι
656 2636 900 2692 addicunt]
934 2637 1105 2680 scilicet
1135 2649 1299 2680 uxores
1328 2650 1438 2680 suas
1546 2641 1599 2680 13
1633 2637 1927 2680 matrimonio

241 2695 458 2751 copulato
491 2712 517 2738 κ
547 2697 551 2751 Ι
588 2697 762 2752 cogunt
793 2696 848 2751 A]
889 2697 1059 2738 coeunt
1181 2699 1234 2739 16
1278 2693 1336 2752 si]
1377 2695 1467 2739 etsi
1498 2712 1525 2738 κ
1567 2695 1653 2739 etsi
1685 2697 1752 2740 vel
1781 2698 1834 2738 ut
1867 2710 1892 2738 σ
1919 2695 1923 2753 3

239 2754 455 2798 mulieres
489 2771 528 2809 a,
563 2760 612 2798 at
641 2755 810 2799 eoecidit
841 2768 913 2798 πυ.
942 2753 1084 2797 fuerit
1107 2753 1199 2796 ista
1223 2754 1439 2808 genitura
1464 2755 1520 2808 cf,
1551 2755 1693 2798 Catal.
1723 2756 1730 2811 Ι
1757 2767 1841 2810 per
1863 2754 1929 2797 vi-

239 2814 360 2871 rum]
400 2827 682 2868 perversam¹
704 2814 770 2857 vel
802 2812 1036 2868 periuram
1068 2815 1092 2864 ζ
1122 2813 1348 2869 plurimae
1382 2827 1407 2855 σ
1434 2815 1439 2869 Ι
1468 2814 1608 2856 istam
1641 2839 1695 2846 —
1728 2814 1926 2856 necessi-

239 2875 386 2914 tatem
426 2873 483 2929 N]
533 2873 623 2916 ista
674 2899 724 2903 —
773 2871 1125 2925 necessitatum3
1175 2877 1365 2916 ceterum
1418 2873 1593 2917 Graeca
1639 2873 1757 2927 fal-so
1797 2873 1928 2917 vertit

239 2931 472 2975 Firmicus
