2038 3162
583 134 892 180 APPENDIX
919 132 1370 179 PRAEFATIONIS.
1684 132 1828 176 LXIII

135 270 220 315 lar.
245 273 285 313 Ν
308 271 381 327 (=
405 271 456 324 Ρ)
524 268 786 313 deiectione
818 268 973 312 uictus
1005 267 1095 312 erit
1118 267 1226 325 (erit
1255 281 1340 313 om.
1364 268 1420 323 R)
1454 268 1502 310 et
1533 266 1719 312 debitus
1742 271 1827 311 Ha

136 342 157 374 6
188 328 371 373 ueneris
396 328 547 372 coitus
571 332 654 372 Na
718 342 822 372 cum
848 327 1062 371 dominus
1087 342 1123 371 α
1147 329 1222 384 (=
1243 325 1332 385 A‘)]
1395 339 1501 371 eum
1526 326 1766 371 dominum
1788 331 1828 369 R

138 401 179 432 16
209 387 471 445 possederit
492 391 576 431 Na
599 387 733 443 (-sid-
756 389 811 444 R)
874 399 915 431 17
948 386 1186 431 cardinem
1216 387 1318 430 hab.
1335 390 1418 429 Na
1443 388 1511 443 (=
1536 385 1651 443 QA‘)
1714 386 1827 430 resi-

137 450 234 491 stat
264 462 300 491 α
332 449 404 503 (=
430 445 518 504 A‘)]
551 447 776 490 resistant
806 451 845 488 N
917 459 960 490 20
992 445 1119 504 aliis]
1150 445 1326 490 talibus
1357 450 1440 489 Na
1517 458 1559 489 21
1590 444 1829 490 malitiosa

137 507 169 551 f.
208 506 472 550 radiatione
519 508 602 549 aut
646 505 912 562 pulsatione
958 505 1135 562 pulsati
1172 509 1212 548 N
1264 504 1461 549 maliose
1502 504 1533 548 f.
1572 504 1750 561 pulsati
1793 520 1828 549 α

138 579 180 610 26
212 579 241 609 a
264 566 451 610 decreto
475 580 510 608 α
536 567 608 621 (=
636 564 768 623 QA')]
801 567 1008 608 asem-eto
1032 569 1072 607 R
1134 577 1177 609 28
1207 564 1332 608 Mars
1356 578 1441 609 om.
1466 568 1506 607 N
1537 563 1828 622 significatio

136 625 301 669 martis
333 625 382 668 in
415 624 561 682 signis
593 639 628 668 α
704 624 838 668 2482
869 623 1134 668 immobiles
1165 628 1249 668 Na
1282 625 1357 680 (=
1382 622 1450 680 A')
1513 635 1534 667 ³
1565 624 1767 668 audaces
1789 628 1829 667 N

137 699 219 729 om.
247 699 282 728 α
343 697 366 728 4
397 684 478 739 qui
510 697 595 728 om.
619 688 702 727 Na
765 696 784 728 6
816 683 1003 740 ignotos
1025 688 1109 727 Na
1172 695 1190 727 7
1222 683 1528 727 uendicantes
1552 687 1636 727 Na
1668 686 1741 740 (=·
1765 686 1827 740 Π)

136 745 245 801 igne
269 748 353 787 Na
415 755 436 787 8
467 743 644 800 ignitas
669 747 707 786 N
738 742 915 800 ignitos
938 758 974 786 α
1037 744 1118 787 sed
1150 742 1320 787 mentis
1352 758 1388 786 α
1413 745 1485 798 (=
1511 741 1599 800 Δ’)]
1633 745 1680 786 et
1701 757 1829 787 men-

137 804 199 846 tis
223 807 262 846 N
287 807 359 859 (=
377 802 496 858 PRb)
559 815 602 847 10
632 802 858 846 habentes
883 806 967 846 Na
1031 817 1086 846 11.
1113 815 1154 846 12
1187 817 1243 846 ex
1274 801 1382 860 igne
1408 805 1456 846 et
1479 801 1599 845 ferro
1623 801 1769 846 faciet
1790 807 1829 845 R

136 862 281 906 faciet
305 877 359 906 ex
382 862 492 920 ig-ne
517 864 564 906 et
586 862 708 905 ferro
733 877 768 906 α
832 874 873 906 18
905 862 1087 918 percuti
1110 866 1149 904 N
1172 862 1249 906 im.
1274 876 1310 906 α
1334 864 1411 917 (=
1430 861 1519 919 A')]
1551 862 1768 918 persequi
1790 867 1830 904 N

137 923 190 966 in
228 927 354 967 textu
451 934 494 966 19
533 922 747 979 accensa]
788 935 873 965 om.
906 936 941 965 α
974 935 1028 964 ae
1059 925 1099 964 N
1196 934 1238 966 26
1279 921 1417 965 domo
1460 922 1561 965 hab.
1595 936 1630 964 α
1662 924 1735 978 (=
1760 921 1828 979 A‘)

138 995 224 1026 om.
254 985 294 1024 R
414 980 510 1025 249
529 994 548 1025 2
581 980 863 1025 constitutus
893 981 996 1025 hab.
1021 982 1080 1038 N]
1111 982 1237 1024 -tuto
1269 995 1304 1024 α
1394 993 1417 1024 4
1447 980 1589 1024 marti
1618 981 1721 1025 hab.
1745 986 1829 1025 Na

138 1041 278 1084 stella
309 1053 393 1084 om.
418 1044 502 1084 Na
581 1052 602 1085 5
633 1040 868 1097 trigonica
899 1055 935 1084 α
967 1042 1041 1097 (=
1065 1039 1156 1098 A‘)]
1187 1039 1374 1097 trigona
1398 1044 1438 1082 N
1521 1052 1540 1084 7
1572 1040 1653 1096 qui
1684 1055 1769 1085 om.
1793 1056 1829 1085 α

138 1102 212 1158 (=
239 1099 351 1157 QA‘)
383 1100 490 1144 hab.
515 1104 555 1142 N
639 1113 679 1144 11
711 1100 761 1142 in
791 1100 894 1143 hab.
919 1104 1003 1143 Na
1035 1101 1109 1156 (=
1135 1098 1247 1156 QA')
1332 1112 1375 1143 14
1406 1113 1527 1156 quae
1546 1125 1600 1132 -
1619 1113 1659 1144 17
1693 1100 1830 1144 ardo·

138 1173 237 1204 rem
268 1173 352 1204 om.
378 1174 414 1203 a
498 1170 540 1203 15
572 1158 766 1216 speciali
796 1160 898 1203 hab.
922 1163 991 1205 No
1038 1171 1080 1203 16
1111 1158 1160 1201 in
1190 1173 1275 1203 om.
1299 1163 1339 1201 N
1419 1171 1461 1203 18
1492 1158 1650 1203 Venus
1682 1173 1766 1204 om.
1791 1164 1831 1203 Π

139 1222 213 1276 (=
237 1222 298 1276 n)
331 1218 624 1276 Significatio
656 1219 839 1263 veneris
871 1219 920 1262 in
953 1218 1098 1275 signis
1123 1233 1159 1262 α
1221 1231 1264 1263 19
1296 1217 1619 1276 delectabiles]
1651 1218 1830 1263 deletos

137 1278 376 1322 uocabiles
408 1277 533 1334 (laet.
560 1291 656 1322 voc.
682 1280 785 1335 om.)
812 1282 852 1320 N
913 1290 956 1322 20
986 1277 1116 1321 luxui
1145 1282 1229 1322 Na
1291 1290 1332 1322 21
1365 1279 1413 1322 et
1441 1284 1554 1334 post.
1580 1294 1615 1322 α
1646 1281 1722 1335 (=
1739 1278 1829 1338 A')]

140 1338 283 1383 etiam
316 1339 364 1382 et
392 1342 432 1380 N
455 1339 529 1394 (=
546 1338 606 1380 Bb
618 1339 667 1393 Q.)
760 1349 802 1382 2³
833 1340 991 1394 gratos
1019 1342 1102 1381 Na
1194 1350 1237 1382 24
1266 1339 1489 1382 uenustos
1521 1342 1561 1380 Ν
1650 1349 1693 1383 25
1725 1352 1831 1396 gra-

139 1400 190 1442 ta
213 1402 252 1440 N
276 1399 350 1454 (π
367 1398 468 1456 Μὴ]
500 1397 700 1454 gradata
724 1412 759 1440 α
832 1396 1069 1453 componit
1091 1401 1174 1440 Na
1247 1396 1464 1441 hostricis
1487 1401 1527 1439 R
1557 1397 1770 1441 bostritis
1795 1413 1831 1442 α

141 1458 333 1501 conatos
364 1461 446 1500 Na
531 1469 574 1500 28
613 1457 776 1500 dentes
813 1456 1004 1499 modum
1043 1471 1127 1501 om.
1159 1461 1243 1500 Na
1283 1470 1466 1513 semper
1494 1469 1717 1501 uenereos
1747 1461 1831 1501 Na

141 1517 270 1560 2501
307 1518 444 1559 erunt
474 1530 558 1560 om.
583 1520 666 1559 Na
730 1529 750 1560 6
781 1516 883 1574 sed]
913 1517 960 1559 et
982 1520 1065 1559 Na
1092 1518 1164 1572 (=
1189 1519 1284 1572 PB)
1347 1529 1389 1560 13
1420 1516 1536 1560 facit
1599 1529 1642 1560 14
1672 1517 1831 1560 sobole

141 1589 183 1621 27
214 1575 398 1619 laureas
468 1587 510 1620 28
541 1589 665 1618 mars
689 1581 797 1631 post
826 1575 1088 1620 radiatione
1113 1581 1298 1632 ponunt
1327 1579 1411 1620 Na
1484 1588 1527 1620 30
1560 1578 1608 1619 et
1637 1590 1722 1620 om.
1746 1581 1830 1620 Na

140 1634 515 1692 proconsularem
532 1639 571 1677 N
595 1637 669 1691 (=
686 1639 747 1688 u)
810 1634 936 1679 2512
962 1634 1136 1688 Quodsi
1161 1635 1227 1679 sic
1250 1648 1421 1679 uenere
1445 1636 1545 1679 hab.
1564 1639 1648 1679 Na
1674 1638 1746 1692 (=
1759 1637 1830 1692 A')

142 1707 163 1739 6
194 1694 423 1738 mercurio
445 1699 529 1738 Na
592 1707 612 1739 6
643 1694 787 1737 faciet
806 1721 858 1726 —
879 1706 897 1738 7
929 1694 1242 1738 nobilitantur
1271 1708 1356 1739 om.
1381 1710 1416 1738 α
1442 1697 1514 1751 (=
1541 1697 1584 1751 a)
1645 1696 1830 1754 poetas]

140 1756 397 1810 potestates
421 1757 460 1796 N
523 1766 540 1798 7
566 1753 789 1797 nobilitat
811 1758 850 1796 N
910 1767 931 1798 8
955 1753 1240 1798 diurna—10
1268 1753 1411 1797 fuerit
1434 1768 1517 1798 om.
1543 1759 1582 1797 N
1643 1767 1685 1799 10
1712 1754 1829 1814 (in)

141 1818 369 1857 nocturna
391 1817 474 1856 Na
537 1816 585 1857 et
603 1840 647 1845 —-
676 1826 716 1857 11
742 1812 985 1870 geniturae
1011 1827 1094 1857 om.
1113 1828 1148 1856 α
1219 1827 1259 1857 11
1292 1812 1341 1857 111
1366 1813 1480 1857 locis
1505 1818 1587 1857 Na
1651 1827 1693 1858 12
1725 1828 1832 1858 0011-

141 1873 429 1917 iunctionem
445 1876 529 1915 Na
590 1886 633 1916 14
658 1872 916 1916 dominium
931 1873 1032 1917 hab.
1051 1877 1134 1916 Na
1153 1874 1224 1928 (=
1243 1872 1313 1930 A')
1366 1884 1408 1917 15
1427 1873 1621 1916 deiectis
1636 1875 1832 1918 baana

142 1932 191 1975 in
222 1946 307 1976 om.
331 1936 415 1975 Na
486 1944 527 1976 16
559 1932 608 1975 in
639 1946 724 1976 om.
748 1936 832 1975 Na
906 1945 946 1976 17
979 1934 1027 1975 et
1058 1932 1188 1975 Luna
1213 1946 1296 1977 om.
1322 1936 1406 1976 Na
1468 1946 1571 1990 gen.
1599 1933 1723 1977 card.
1747 1938 1831 1977 Na

142 1992 298 2048 posita
327 1992 428 2036 hab.
454 1995 538 2035 Na
622 2003 664 2035 19
697 1990 970 2035 libidinosos
1002 1991 1264 2047 impudicos
1295 1996 1335 2034 N
1395 1990 1655 2048 impudicos
1687 2007 1770 2036 om.
1797 2008 1831 2036 α

142 2064 182 2095 21
217 2064 273 2094 ex
294 2050 399 2094 istis
425 2066 459 2094 α
484 2054 557 2108 <=
575 2050 666 2109 A')]
698 2050 850 2094 exitus
875 2055 913 2092 N
973 2050 1164 2107 publica
1188 2065 1271 2095 om.
1297 2055 1380 2094 Na
1442 2064 1484 2095 22
1515 2051 1592 2094 uel
1622 2053 1724 2096 hab.
1749 2057 1831 2096 Na

145 2122 188 2154 23
221 2109 443 2154 adulterii
472 2111 573 2154 hab.
600 2115 683 2154 Na
746 2122 787 2155 27
820 2110 1077 2153 Mercurius
1108 2124 1194 2154 om.
1218 2115 1256 2152 N
1289 2110 1579 2167 significatio
1612 2111 1830 2168 Mercurij

143 2170 192 2213 in
225 2169 372 2226 signis
405 2185 440 2213 α
517 2182 560 2213 30
599 2169 843 2226 geniturae
874 2170 976 2214 hab.
1001 2174 1084 2213 Na
1117 2173 1188 2226 (=
1217 2172 1303 2226 αν)
1396 2169 1530 2214 2522
1569 2171 1637 2229 se]
1678 2170 1718 2214 si
1748 2175 1831 2215 Na

142 2242 166 2272 4
196 2228 335 2272 domo
365 2229 467 2273 hab.
492 2233 575 2272 Πα
608 2231 680 2284 (=
706 2228 775 2285 A')
844 2240 864 2273 ⁶
896 2242 1044 2272 sermo
1077 2229 1196 2288 sine]
1230 2243 1438 2274 sermone
1469 2234 1508 2271 N
1540 2243 1772 2274 sermones
1797 2246 1832 2274 α

145 2300 163 2332 7
197 2289 321 2337 eum]
363 2302 466 2331 cum
507 2301 560 2331 eo
592 2292 676 2331 Na
768 2300 788 2331 8
819 2288 1032 2344 ipse—9
1063 2290 1147 2331 aut
1186 2302 1270 2332 om.
1303 2303 1339 2332 α
1430 2301 1471 2333 13
1503 2289 1584 2345 qui
1614 2291 1715 2333 hab.
1749 2294 1832 2334 Na

145 2359 188 2391 18
219 2347 502 2402 profusionis
535 2363 569 2391 α
601 2348 674 2402 (=
700 2347 786 2405 A')]
820 2347 1087 2404 profusione
1118 2352 1157 2390 N
1226 2360 1267 2391 21
1300 2348 1339 2391 si
1371 2352 1410 2390 N
1434 2350 1507 2405 (=
1532 2351 1627 2405 PR)
1690 2361 1733 2393 24
1764 2349 1833 2392 111-

143 2406 289 2464 victa]
313 2407 416 2450 uita
431 2411 515 2450 Na
576 2418 618 2450 26
642 2406 783 2450 istam
808 2406 1183 2451 commixtionem
1206 2408 1309 2451 hab.
1327 2423 1362 2451 α
1379 2409 1451 2463 (=
1463 2406 1552 2466 A')]
1576 2411 1647 2452 -ta
1671 2422 1778 2451 -one
1795 2413 1834 2450 R

219 2465 314 2509 252
332 2478 375 2510 so
404 2465 684 2531 respiciente
702 2492 756 2498 —-
776 2465 872 2510 260
891 2481 907 2511 1
941 2467 1181 2522 geniturae
1214 2467 1452 2509 dominum
1485 2481 1569 2511 om.
1594 2472 1633 2510 Ν
1672 2469 1835 2512 excisis

145 2525 322 2569 duobus
343 2526 487 2580 foliis,
518 2539 633 2581 quae
656 2526 805 2570 media
829 2528 1144 2582 quaternionis
1165 2526 1354 2580 fuerant
1377 2528 1517 2581 (inter
1538 2529 1571 2582 f.
1590 2530 1650 2571 85
1666 2533 1707 2571 et
1723 2530 1806 2583 86)
1818 2544 1834 2582 ;

145 2586 197 2628 in
226 2585 312 2627 hac
334 2590 470 2641 parte
500 2586 748 2628 omittimus
779 2586 945 2642 siylum
975 2600 1024 2629 α.

221 2642 354 2687 2535
386 2643 643 2687 facietenus
720 2656 740 2688 6
771 2643 955 2703 lividet]
987 2643 1165 2688 inficiet
1241 2657 1282 2688 12
1314 2644 1518 2687 archana
1595 2658 1636 2689 16
1670 2644 1833 2688 dantes

146 2702 248 2746 hab.
333 2714 375 2746 20
408 2703 760 2746 conuersatione
793 2703 971 2759 publici
1003 2703 1226 2759 strepitus
1310 2715 1351 2748 21
1384 2718 1437 2747 ac
1471 2705 1580 2748 deos
1613 2718 1717 2747 cum
1748 2718 1832 2748 om.

147 2772 189 2804 22
222 2761 480 2817 suscipiant
540 2773 582 2806 26
613 2762 874 2818 possederit
896 2764 997 2807 hab.
1023 2766 1095 2819 (=
1113 2762 1181 2818 A‘)
1244 2775 1286 2806 24
1318 2763 1600 2807 constitutus
1663 2763 1722 2806 ab
1748 2777 1830 2808 om.

149 2831 190 2863 25
222 2819 429 2863 decernit
466 2822 567 2864 hab.
602 2825 675 2878 (=
700 2822 768 2876 A‘)
845 2834 959 2866 26-
978 2826 1064 2865 254
1083 2835 1124 2865 11
1163 2836 1246 2866 om.
1340 2820 1437 2865 254
1456 2835 1497 2867 12
1537 2822 1682 2865 Sol—
1703 2823 1832 2879 geni·

149 2879 302 2937 turae]
336 2879 624 2936 significatio
649 2879 767 2924 Solis
791 2880 841 2923 in
868 2881 1015 2938 signis
1078 2881 1125 2923 Si
1144 2907 1197 2912 —
1217 2893 1259 2925 16
1290 2881 1471 2939 itaque]
1505 2881 1583 2925 Sol
1615 2896 1720 2924 cum
1752 2881 1831 2925 do-

147 2938 300 2981 minus
332 2938 545 2995 geniture
577 2939 719 2982 fuerit
750 2941 798 2983 et
823 2939 941 2984 bene
971 2940 1151 2984 locatus
1183 2939 1299 2983 facit
1361 2953 1400 2984 17
1433 2941 1618 2984 inflatos
1680 2940 1833 2983 suble-
