<?xml version="1.0" encoding="UTF-8"?>
<!DOCTYPE html PUBLIC "-//W3C//DTD XHTML 1.0 Transitional//EN"
    "http://www.w3.org/TR/xhtml1/DTD/xhtml1-transitional.dtd">
<html xmlns="http://www.w3.org/1999/xhtml" xml:lang="en" lang="en">
 <head>
  <title>
</title>
<meta http-equiv="Content-Type" content="text/html;charset=utf-8" />
  <meta name='ocr-system' content='tesseract 3.04.00' />
  <meta name='ocr-capabilities' content='ocr_page ocr_carea ocr_par ocr_line ocrx_word'/>
</head>
<body>
  <div class='ocr_page' id='page_1' title='image "./matheseoslibrivi02firmuoft_0365.png"; bbox 0 0 2084 3192; ppageno 0'>
   <div class='ocr_carea' id='block_1_1' title="bbox 850 171 1851 227">
    <p class='ocr_par' dir='ltr' id='par_1_1' title="bbox 850 171 1851 227">
     <span class='ocr_line' id='line_1_1' title="bbox 850 171 1851 227; baseline 0.009 -11"><span class='ocrx_word' id='word_1_1' title='bbox 850 173 955 217; x_wconf 89' lang='lat' dir='ltr'>VIII</span> <span class='ocrx_word' id='word_1_2' title='bbox 986 178 1029 227; x_wconf 87' lang='lat'><strong>4,</strong></span> <span class='ocrx_word' id='word_1_3' title='bbox 1053 184 1171 217; x_wconf 79' lang='lat'>5—9.</span> <span class='ocrx_word' id='word_1_4' title='bbox 1752 171 1851 224; x_wconf 80' lang='lat'><strong>291</strong></span> 
     </span>
    </p>
   </div>
   <div class='ocr_carea' id='block_1_2' title="bbox 97 291 2013 2124">
    <p class='ocr_par' dir='ltr' id='par_1_2' title="bbox 97 291 2013 2124">
     <span class='ocr_line' id='line_1_2' title="bbox 168 291 1861 362; baseline -0.001 -16"><span class='ocrx_word' id='word_1_5' title='bbox 168 297 328 349; x_wconf 74' lang='lat' dir='ltr'><strong>meris</strong></span> <span class='ocrx_word' id='word_1_6' title='bbox 374 297 441 348; x_wconf 93' lang='lat' dir='ltr'><strong>ad</strong></span> <span class='ocrx_word' id='word_1_7' title='bbox 478 293 643 348; x_wconf 90' lang='lat' dir='ltr'>XXX.</span> <span class='ocrx_word' id='word_1_8' title='bbox 684 296 1024 347; x_wconf 87' lang='lat' dir='ltr'><strong>collocantur.</strong></span> <span class='ocrx_word' id='word_1_9' title='bbox 1100 291 1165 345; x_wconf 93' lang='lat' dir='ltr'><strong>In</strong></span> <span class='ocrx_word' id='word_1_10' title='bbox 1215 293 1334 346; x_wconf 89' lang='lat' dir='ltr'><strong>istis</strong></span> <span class='ocrx_word' id='word_1_11' title='bbox 1383 293 1627 362; x_wconf 89' lang='lat' dir='ltr'><strong>partibus</strong></span> <span class='ocrx_word' id='word_1_12' title='bbox 1679 293 1734 346; x_wconf 91' lang='lat' dir='ltr'><strong>id</strong></span> <span class='ocrx_word' id='word_1_13' title='bbox 1780 297 1861 346; x_wconf 87' lang='lat' dir='ltr'><strong>est</strong></span> 
     </span>
     <span class='ocr_line' id='line_1_3' title="bbox 167 367 1537 438; baseline -0.001 -18"><span class='ocrx_word' id='word_1_14' title='bbox 167 370 223 421; x_wconf 92' lang='lat' dir='ltr'><strong>in</strong></span> <span class='ocrx_word' id='word_1_15' title='bbox 262 368 645 438; x_wconf 75' lang='lat' dir='ltr'>posterioribus</span> <span class='ocrx_word' id='word_1_16' title='bbox 682 372 823 422; x_wconf 86' lang='lat' dir='ltr'><strong>terra</strong></span> <span class='ocrx_word' id='word_1_17' title='bbox 861 367 1055 421; x_wconf 84' lang='lat' dir='ltr'><strong>dicitur</strong></span> <span class='ocrx_word' id='word_1_18' title='bbox 1093 384 1206 419; x_wconf 91' lang='lat' dir='ltr'><strong>esse</strong></span> <span class='ocrx_word' id='word_1_19' title='bbox 1245 368 1537 435; x_wconf 88' lang='lat' dir='ltr'><strong>conposita.</strong></span> 
     </span>
     <span class='ocr_line' id='line_1_4' title="bbox 281 416 1895 513; baseline -0.001 -17"><span class='ocrx_word' id='word_1_20' title='bbox 281 443 530 513; x_wconf 92' lang='lat' dir='ltr'><strong>Scorpii</strong></span> <span class='ocrx_word' id='word_1_21' title='bbox 566 446 746 512; x_wconf 87' lang='lat' dir='ltr'><strong>partes</strong></span> <span class='ocrx_word' id='word_1_22' title='bbox 784 443 1039 495; x_wconf 88' lang='lat' dir='ltr'><strong>hactenus</strong></span> <span class='ocrx_word' id='word_1_23' title='bbox 1080 441 1404 493; x_wconf 87' lang='lat' dir='ltr'><strong>dividuntur.</strong></span> <span class='ocrx_word' id='word_1_24' title='bbox 1467 440 1508 494; x_wconf 93' lang='grc' dir='ltr'><strong>Ι.</strong></span> <span class='ocrx_word' id='word_1_25' title='bbox 1548 443 1601 493; x_wconf 91' lang='lat' dir='ltr'><strong>et</strong></span> <span class='ocrx_word' id='word_1_26' title='bbox 1640 439 1708 493; x_wconf 93' lang='lat' dir='ltr'><strong>II.</strong></span> <span class='ocrx_word' id='word_1_27' title='bbox 1740 416 1856 510; x_wconf 87' lang='lat' dir='ltr'><strong>par·</strong></span> <span class='ocrx_word' id='word_1_28' title='bbox 1838 442 1895 495; x_wconf 85' lang='lat'><strong>-8</strong></span> 
     </span>
     <span class='ocr_line' id='line_1_5' title="bbox 169 515 1860 599; baseline -0.001 -31"><span class='ocrx_word' id='word_1_29' title='bbox 169 521 249 569; x_wconf 90' lang='lat' dir='ltr'><strong>tes</strong></span> <span class='ocrx_word' id='word_1_30' title='bbox 304 519 361 570; x_wconf 90' lang='lat' dir='ltr'><strong>in</strong></span> <span class='ocrx_word' id='word_1_31' title='bbox 414 516 588 585; x_wconf 87' lang='lat' dir='ltr'><strong>capite</strong></span> <span class='ocrx_word' id='word_1_32' title='bbox 645 516 853 586; x_wconf 89' lang='lat' dir='ltr'><strong>Scorpii</strong></span> <span class='ocrx_word' id='word_1_33' title='bbox 907 517 1252 583; x_wconf 77' lang='lat' dir='ltr'>collocantur,</span> <span class='ocrx_word' id='word_1_34' title='bbox 1305 518 1415 568; x_wconf 90' lang='lat' dir='ltr'><strong>tres</strong></span> <span class='ocrx_word' id='word_1_35' title='bbox 1470 519 1750 599; x_wconf 77' lang='lat' dir='ltr'><strong>sequentes</strong></span> <span class='ocrx_word' id='word_1_36' title='bbox 1804 515 1860 568; x_wconf 94' lang='lat' dir='ltr'><strong>in</strong></span> 
     </span>
     <span class='ocr_line' id='line_1_6' title="bbox 123 589 1862 659; baseline -0.001 -16"><span class='ocrx_word' id='word_1_37' title='bbox 123 612 143 643; x_wconf 88' lang='lat'><strong>5</strong></span> <span class='ocrx_word' id='word_1_38' title='bbox 169 592 360 659; x_wconf 85' lang='lat' dir='ltr'><strong>fronte,</strong></span> <span class='ocrx_word' id='word_1_39' title='bbox 392 589 480 642; x_wconf 92' lang='lat' dir='ltr'><strong>VI.</strong></span> <span class='ocrx_word' id='word_1_40' title='bbox 515 593 567 642; x_wconf 91' lang='lat' dir='ltr'><strong>et</strong></span> <span class='ocrx_word' id='word_1_41' title='bbox 599 589 716 643; x_wconf 90' lang='lat' dir='ltr'>VII.</span> <span class='ocrx_word' id='word_1_42' title='bbox 749 592 806 643; x_wconf 91' lang='lat' dir='ltr'><strong>in</strong></span> <span class='ocrx_word' id='word_1_43' title='bbox 836 590 988 658; x_wconf 86' lang='lat' dir='ltr'><strong>facie,</strong></span> <span class='ocrx_word' id='word_1_44' title='bbox 1027 592 1308 657; x_wconf 78' lang='lat' dir='ltr'><strong>sequentes</strong></span> <span class='ocrx_word' id='word_1_45' title='bbox 1347 593 1458 642; x_wconf 89' lang='lat' dir='ltr'><strong>tres</strong></span> <span class='ocrx_word' id='word_1_46' title='bbox 1498 589 1555 641; x_wconf 94' lang='lat' dir='ltr'><strong>in</strong></span> <span class='ocrx_word' id='word_1_47' title='bbox 1594 591 1734 642; x_wconf 86' lang='lat' dir='ltr'><strong>collo</strong></span> <span class='ocrx_word' id='word_1_48' title='bbox 1766 608 1862 659; x_wconf 89' lang='lat' dir='ltr'><strong>per</strong></span> 
     </span>
     <span class='ocr_line' id='line_1_7' title="bbox 170 663 1863 733; baseline 0 -16"><span class='ocrx_word' id='word_1_49' title='bbox 170 666 408 718; x_wconf 89' lang='lat' dir='ltr'><strong>ordinem</strong></span> <span class='ocrx_word' id='word_1_50' title='bbox 455 666 874 733; x_wconf 84' lang='lat' dir='ltr'><strong>constituuntur,</strong></span> <span class='ocrx_word' id='word_1_51' title='bbox 914 663 1010 715; x_wconf 90' lang='lat' dir='ltr'><strong>has</strong></span> <span class='ocrx_word' id='word_1_52' title='bbox 1058 682 1193 732; x_wconf 90' lang='lat' dir='ltr'><strong>quae</strong></span> <span class='ocrx_word' id='word_1_53' title='bbox 1241 667 1538 732; x_wconf 90' lang='lat' dir='ltr'><strong>sequuntur</strong></span> <span class='ocrx_word' id='word_1_54' title='bbox 1583 663 1718 716; x_wconf 83' lang='lat' dir='ltr'><strong>duae</strong></span> <span class='ocrx_word' id='word_1_55' title='bbox 1769 682 1863 732; x_wconf 89' lang='lat' dir='ltr'><strong>po-</strong></span> 
     </span>
     <span class='ocr_line' id='line_1_8' title="bbox 167 737 1862 808; baseline 0 -18"><span class='ocrx_word' id='word_1_56' title='bbox 167 743 368 791; x_wconf 90' lang='lat' dir='ltr'><strong>nuntur</strong></span> <span class='ocrx_word' id='word_1_57' title='bbox 414 738 470 790; x_wconf 91' lang='lat' dir='ltr'><strong>in</strong></span> <span class='ocrx_word' id='word_1_58' title='bbox 518 739 699 806; x_wconf 90' lang='lat' dir='ltr'><strong>dorso,</strong></span> <span class='ocrx_word' id='word_1_59' title='bbox 745 741 870 808; x_wconf 91' lang='lat' dir='ltr'><strong>post</strong></span> <span class='ocrx_word' id='word_1_60' title='bbox 908 756 1027 787; x_wconf 80' lang='lat'><strong>***</strong></span> <span class='ocrx_word' id='word_1_61' title='bbox 1068 737 1122 789; x_wconf 89' lang='lat' dir='ltr'><strong>in</strong></span> <span class='ocrx_word' id='word_1_62' title='bbox 1164 737 1349 790; x_wconf 84' lang='lat' dir='ltr'><strong>dextra</strong></span> <span class='ocrx_word' id='word_1_63' title='bbox 1387 756 1515 790; x_wconf 82' lang='lat' dir='ltr'><strong>vero</strong></span> <span class='ocrx_word' id='word_1_64' title='bbox 1553 756 1715 790; x_wconf 89' lang='lat' dir='ltr'><strong>manu</strong></span> <span class='ocrx_word' id='word_1_65' title='bbox 1754 741 1862 790; x_wconf 85' lang='lat' dir='ltr'><strong>tres</strong></span> 
     </span>
     <span class='ocr_line' id='line_1_9' title="bbox 170 811 1864 881; baseline 0 -17"><span class='ocrx_word' id='word_1_66' title='bbox 170 815 448 881; x_wconf 74' lang='lat' dir='ltr'><strong>sequentes</strong></span> <span class='ocrx_word' id='word_1_67' title='bbox 487 831 585 881; x_wconf 93' lang='lat' dir='ltr'><strong>per</strong></span> <span class='ocrx_word' id='word_1_68' title='bbox 624 813 862 865; x_wconf 89' lang='lat' dir='ltr'><strong>ordinem</strong></span> <span class='ocrx_word' id='word_1_69' title='bbox 894 813 1242 880; x_wconf 77' lang='lat' dir='ltr'><strong>collocantur,</strong></span> <span class='ocrx_word' id='word_1_70' title='bbox 1280 813 1338 864; x_wconf 94' lang='lat' dir='ltr'><strong>in</strong></span> <span class='ocrx_word' id='word_1_71' title='bbox 1370 813 1588 864; x_wconf 81' lang='lat' dir='ltr'><strong>sinistra</strong></span> <span class='ocrx_word' id='word_1_72' title='bbox 1619 811 1767 879; x_wconf 88' lang='lat' dir='ltr'><strong>duae,</strong></span> <span class='ocrx_word' id='word_1_73' title='bbox 1807 813 1864 864; x_wconf 91' lang='lat' dir='ltr'><strong>in</strong></span> 
     </span>
     <span class='ocr_line' id='line_1_10' title="bbox 166 886 1864 955; baseline -0.001 -16"><span class='ocrx_word' id='word_1_74' title='bbox 166 887 391 955; x_wconf 89' lang='lat' dir='ltr'><strong>pedibus</strong></span> <span class='ocrx_word' id='word_1_75' title='bbox 414 904 541 939; x_wconf 85' lang='lat' dir='ltr'><strong>vero</strong></span> <span class='ocrx_word' id='word_1_76' title='bbox 576 887 774 939; x_wconf 80' lang='lat' dir='ltr'><strong>dextris</strong></span> <span class='ocrx_word' id='word_1_77' title='bbox 807 886 941 938; x_wconf 87' lang='lat' dir='ltr'><strong>duae</strong></span> <span class='ocrx_word' id='word_1_78' title='bbox 973 889 1255 955; x_wconf 76' lang='lat' dir='ltr'><strong>sequentes</strong></span> <span class='ocrx_word' id='word_1_79' title='bbox 1289 887 1621 954; x_wconf 85' lang='lat' dir='ltr'><strong>ordinantur,</strong></span> <span class='ocrx_word' id='word_1_80' title='bbox 1651 887 1708 938; x_wconf 90' lang='lat' dir='ltr'><strong>in</strong></span> <span class='ocrx_word' id='word_1_81' title='bbox 1737 887 1864 939; x_wconf 90' lang='lat' dir='ltr'><strong>sini-</strong></span> 
     </span>
     <span class='ocr_line' id='line_1_11' title="bbox 102 959 2013 1030; baseline 0.001 -17"><span class='ocrx_word' id='word_1_82' title='bbox 102 982 143 1013; x_wconf 90' lang='lat'><strong>10</strong></span> <span class='ocrx_word' id='word_1_83' title='bbox 170 962 293 1013; x_wconf 89' lang='lat' dir='ltr'><strong>stris</strong></span> <span class='ocrx_word' id='word_1_84' title='bbox 331 961 556 1030; x_wconf 92' lang='lat' dir='ltr'><strong>pedibus</strong></span> <span class='ocrx_word' id='word_1_85' title='bbox 596 964 720 1028; x_wconf 89' lang='lat' dir='ltr'><strong>tres,</strong></span> <span class='ocrx_word' id='word_1_86' title='bbox 757 961 814 1012; x_wconf 93' lang='lat' dir='ltr'><strong>in</strong></span> <span class='ocrx_word' id='word_1_87' title='bbox 845 959 1030 1012; x_wconf 88' lang='lat' dir='ltr'><strong>aculeo</strong></span> <span class='ocrx_word' id='word_1_88' title='bbox 1069 978 1194 1013; x_wconf 84' lang='lat' dir='ltr'><strong>vero</strong></span> <span class='ocrx_word' id='word_1_89' title='bbox 1235 960 1350 1012; x_wconf 90' lang='lat' dir='ltr'><strong>eius</strong></span> <span class='ocrx_word' id='word_1_90' title='bbox 1391 960 1484 1029; x_wconf 92' lang='lat' dir='ltr'><strong>qui</strong></span> <span class='ocrx_word' id='word_1_91' title='bbox 1523 961 1590 1012; x_wconf 91' lang='lat' dir='ltr'><strong>ad</strong></span> <span class='ocrx_word' id='word_1_92' title='bbox 1624 963 2013 1029; x_wconf 72' lang='lat' dir='ltr'><strong>septen-s01.1o201</strong></span> 
     </span>
     <span class='ocr_line' id='line_1_12' title="bbox 167 1033 1862 1103; baseline -0.001 -16"><span class='ocrx_word' id='word_1_93' title='bbox 167 1035 398 1087; x_wconf 86' lang='lat' dir='ltr'><strong>trionem</strong></span> <span class='ocrx_word' id='word_1_94' title='bbox 437 1052 622 1087; x_wconf 81' lang='lat' dir='ltr'><strong>versus</strong></span> <span class='ocrx_word' id='word_1_95' title='bbox 663 1033 988 1102; x_wconf 80' lang='lat' dir='ltr'><strong>extenditur,</strong></span> <span class='ocrx_word' id='word_1_96' title='bbox 1045 1034 1369 1103; x_wconf 87' lang='lat' dir='ltr'><strong>posteriores</strong></span> <span class='ocrx_word' id='word_1_97' title='bbox 1411 1033 1647 1103; x_wconf 91' lang='lat' dir='ltr'><strong>quinque</strong></span> <span class='ocrx_word' id='word_1_98' title='bbox 1684 1037 1862 1103; x_wconf 90' lang='lat' dir='ltr'><strong>partes</strong></span> 
     </span>
     <span class='ocr_line' id='line_1_13' title="bbox 167 1110 511 1162; baseline 0 -2"><span class='ocrx_word' id='word_1_99' title='bbox 167 1110 511 1162; x_wconf 80' lang='lat' dir='ltr'><strong>collocantur.</strong></span> 
     </span>
     <span class='ocr_line' id='line_1_14' title="bbox 275 1181 1913 1252; baseline 0 -18"><span class='ocrx_word' id='word_1_100' title='bbox 275 1181 624 1252; x_wconf 86' lang='lat' dir='ltr'><strong>Sagittarii</strong></span> <span class='ocrx_word' id='word_1_101' title='bbox 669 1186 848 1252; x_wconf 91' lang='lat' dir='ltr'><strong>partes</strong></span> <span class='ocrx_word' id='word_1_102' title='bbox 887 1201 982 1251; x_wconf 92' lang='lat' dir='ltr'><strong>per</strong></span> <span class='ocrx_word' id='word_1_103' title='bbox 1023 1200 1179 1235; x_wconf 91' lang='lat' dir='ltr'><strong>omne</strong></span> <span class='ocrx_word' id='word_1_104' title='bbox 1219 1200 1413 1250; x_wconf 88' lang='lat' dir='ltr'><strong>corpus</strong></span> <span class='ocrx_word' id='word_1_105' title='bbox 1453 1183 1565 1235; x_wconf 90' lang='lat' dir='ltr'><strong>eius</strong></span> <span class='ocrx_word' id='word_1_106' title='bbox 1604 1182 1913 1235; x_wconf 86' lang='lat' dir='ltr'><strong>hactenus9</strong></span> 
     </span>
     <span class='ocr_line' id='line_1_15' title="bbox 168 1255 1863 1326; baseline 0.001 -19"><span class='ocrx_word' id='word_1_107' title='bbox 168 1256 493 1309; x_wconf 87' lang='lat' dir='ltr'><strong>dividuntur.</strong></span> <span class='ocrx_word' id='word_1_108' title='bbox 569 1256 633 1309; x_wconf 95' lang='lat' dir='ltr'><strong>In</strong></span> <span class='ocrx_word' id='word_1_109' title='bbox 672 1257 845 1326; x_wconf 92' lang='lat' dir='ltr'><strong>capite</strong></span> <span class='ocrx_word' id='word_1_110' title='bbox 886 1256 1163 1326; x_wconf 85' lang='lat' dir='ltr'><strong>Sagittarii</strong></span> <span class='ocrx_word' id='word_1_111' title='bbox 1201 1255 1242 1309; x_wconf 90' lang='grc' dir='ltr'><strong>Ι.</strong></span> <span class='ocrx_word' id='word_1_112' title='bbox 1282 1260 1335 1309; x_wconf 91' lang='lat' dir='ltr'><strong>et</strong></span> <span class='ocrx_word' id='word_1_113' title='bbox 1374 1255 1440 1308; x_wconf 93' lang='lat' dir='ltr'><strong>II.</strong></span> <span class='ocrx_word' id='word_1_114' title='bbox 1482 1260 1661 1325; x_wconf 88' lang='lat' dir='ltr'><strong>partes</strong></span> <span class='ocrx_word' id='word_1_115' title='bbox 1701 1259 1863 1310; x_wconf 86' lang='lat' dir='ltr'><strong>collo-</strong></span> 
     </span>
     <span class='ocr_line' id='line_1_16' title="bbox 100 1331 1860 1399; baseline 0 -16"><span class='ocrx_word' id='word_1_116' title='bbox 100 1352 140 1383; x_wconf 84' lang='lat'><strong>15</strong></span> <span class='ocrx_word' id='word_1_117' title='bbox 168 1334 372 1399; x_wconf 89' lang='lat' dir='ltr'><strong>cantur,</strong></span> <span class='ocrx_word' id='word_1_118' title='bbox 422 1334 530 1383; x_wconf 90' lang='lat' dir='ltr'><strong>tres</strong></span> <span class='ocrx_word' id='word_1_119' title='bbox 576 1349 702 1384; x_wconf 84' lang='lat' dir='ltr'><strong>vero</strong></span> <span class='ocrx_word' id='word_1_120' title='bbox 750 1334 1033 1399; x_wconf 87' lang='lat' dir='ltr'><strong>sequentes</strong></span> <span class='ocrx_word' id='word_1_121' title='bbox 1079 1349 1176 1399; x_wconf 90' lang='lat' dir='ltr'><strong>per</strong></span> <span class='ocrx_word' id='word_1_122' title='bbox 1213 1331 1452 1383; x_wconf 90' lang='lat' dir='ltr'><strong>ordinem</strong></span> <span class='ocrx_word' id='word_1_123' title='bbox 1491 1334 1767 1399; x_wconf 91' lang='lat' dir='ltr'><strong>ponuntur</strong></span> <span class='ocrx_word' id='word_1_124' title='bbox 1805 1332 1860 1383; x_wconf 91' lang='lat' dir='ltr'><strong>in</strong></span> 
     </span>
     <span class='ocr_line' id='line_1_17' title="bbox 163 1404 1862 1474; baseline 0.001 -18"><span class='ocrx_word' id='word_1_125' title='bbox 163 1404 314 1472; x_wconf 87' lang='lat' dir='ltr'><strong>facie,</strong></span> <span class='ocrx_word' id='word_1_126' title='bbox 364 1405 497 1457; x_wconf 90' lang='lat' dir='ltr'><strong>duae</strong></span> <span class='ocrx_word' id='word_1_127' title='bbox 543 1423 668 1458; x_wconf 87' lang='lat' dir='ltr'><strong>vero</strong></span> <span class='ocrx_word' id='word_1_128' title='bbox 717 1424 852 1474; x_wconf 91' lang='lat' dir='ltr'><strong>quae</strong></span> <span class='ocrx_word' id='word_1_129' title='bbox 898 1404 1271 1474; x_wconf 88' lang='lat' dir='ltr'><strong>praecedentes</strong></span> <span class='ocrx_word' id='word_1_130' title='bbox 1317 1410 1495 1473; x_wconf 86' lang='lat' dir='ltr'><strong>partes</strong></span> <span class='ocrx_word' id='word_1_131' title='bbox 1550 1409 1862 1473; x_wconf 89' lang='lat' dir='ltr'><strong>sequuntur,</strong></span> 
     </span>
     <span class='ocr_line' id='line_1_18' title="bbox 165 1478 1862 1549; baseline 0.001 -19"><span class='ocrx_word' id='word_1_132' title='bbox 165 1478 220 1530; x_wconf 91' lang='lat' dir='ltr'><strong>in</strong></span> <span class='ocrx_word' id='word_1_133' title='bbox 268 1497 357 1531; x_wconf 91' lang='lat' dir='ltr'><strong>ore</strong></span> <span class='ocrx_word' id='word_1_134' title='bbox 399 1478 674 1549; x_wconf 86' lang='lat' dir='ltr'><strong>Sagittarii</strong></span> <span class='ocrx_word' id='word_1_135' title='bbox 722 1482 1068 1547; x_wconf 90' lang='lat' dir='ltr'><strong>collocantur,</strong></span> <span class='ocrx_word' id='word_1_136' title='bbox 1107 1482 1216 1532; x_wconf 89' lang='lat' dir='ltr'><strong>tres</strong></span> <span class='ocrx_word' id='word_1_137' title='bbox 1258 1482 1542 1548; x_wconf 88' lang='lat' dir='ltr'><strong>sequentes</strong></span> <span class='ocrx_word' id='word_1_138' title='bbox 1581 1481 1638 1531; x_wconf 92' lang='lat' dir='ltr'><strong>in</strong></span> <span class='ocrx_word' id='word_1_139' title='bbox 1678 1481 1862 1532; x_wconf 91' lang='lat' dir='ltr'><strong>ordine</strong></span> 
     </span>
     <span class='ocr_line' id='line_1_19' title="bbox 165 1551 1862 1623; baseline 0.001 -19"><span class='ocrx_word' id='word_1_140' title='bbox 165 1553 221 1604; x_wconf 93' lang='lat' dir='ltr'><strong>in</strong></span> <span class='ocrx_word' id='word_1_141' title='bbox 262 1551 539 1623; x_wconf 86' lang='lat' dir='ltr'><strong>Sagittarii</strong></span> <span class='ocrx_word' id='word_1_142' title='bbox 580 1554 781 1607; x_wconf 82' lang='lat' dir='ltr'><strong>cervice</strong></span> <span class='ocrx_word' id='word_1_143' title='bbox 820 1556 1102 1622; x_wconf 90' lang='lat' dir='ltr'><strong>ponentur,</strong></span> <span class='ocrx_word' id='word_1_144' title='bbox 1142 1553 1276 1605; x_wconf 91' lang='lat' dir='ltr'><strong>duae</strong></span> <span class='ocrx_word' id='word_1_145' title='bbox 1314 1572 1440 1606; x_wconf 82' lang='lat' dir='ltr'><strong>vero</strong></span> <span class='ocrx_word' id='word_1_146' title='bbox 1483 1557 1766 1622; x_wconf 88' lang='lat' dir='ltr'><strong>sequentes</strong></span> <span class='ocrx_word' id='word_1_147' title='bbox 1805 1555 1862 1606; x_wconf 88' lang='lat' dir='ltr'><strong>in</strong></span> 
     </span>
     <span class='ocr_line' id='line_1_20' title="bbox 165 1626 1861 1696; baseline 0.001 -18"><span class='ocrx_word' id='word_1_148' title='bbox 165 1626 382 1679; x_wconf 82' lang='lat' dir='ltr'><strong>sinistra</strong></span> <span class='ocrx_word' id='word_1_149' title='bbox 423 1630 599 1696; x_wconf 84' lang='lat' dir='ltr'><strong>manu,</strong></span> <span class='ocrx_word' id='word_1_150' title='bbox 645 1632 752 1681; x_wconf 89' lang='lat' dir='ltr'><strong>tres</strong></span> <span class='ocrx_word' id='word_1_151' title='bbox 793 1627 927 1680; x_wconf 89' lang='lat' dir='ltr'><strong>aliae</strong></span> <span class='ocrx_word' id='word_1_152' title='bbox 966 1628 1021 1679; x_wconf 93' lang='lat' dir='ltr'><strong>in</strong></span> <span class='ocrx_word' id='word_1_153' title='bbox 1061 1644 1201 1696; x_wconf 88' lang='lat' dir='ltr'><strong>arcu,</strong></span> <span class='ocrx_word' id='word_1_154' title='bbox 1249 1629 1306 1679; x_wconf 89' lang='lat' dir='ltr'><strong>in</strong></span> <span class='ocrx_word' id='word_1_155' title='bbox 1343 1628 1571 1696; x_wconf 90' lang='lat' dir='ltr'><strong>pedibus</strong></span> <span class='ocrx_word' id='word_1_156' title='bbox 1620 1628 1769 1695; x_wconf 90' lang='lat' dir='ltr'><strong>duae,</strong></span> <span class='ocrx_word' id='word_1_157' title='bbox 1809 1631 1861 1680; x_wconf 92' lang='lat' dir='ltr'><strong>et</strong></span> 
     </span>
     <span class='ocr_line' id='line_1_21' title="bbox 97 1698 1862 1771; baseline 0.002 -19"><span class='ocrx_word' id='word_1_158' title='bbox 97 1722 139 1752; x_wconf 85' lang='lat'><strong>20</strong></span> <span class='ocrx_word' id='word_1_159' title='bbox 163 1698 242 1753; x_wconf 92' lang='lat' dir='ltr'><strong>III</strong></span> <span class='ocrx_word' id='word_1_160' title='bbox 283 1701 418 1753; x_wconf 90' lang='lat' dir='ltr'><strong>aliae</strong></span> <span class='ocrx_word' id='word_1_161' title='bbox 458 1704 788 1755; x_wconf 79' lang='lat' dir='ltr'><strong>collocantur</strong></span> <span class='ocrx_word' id='word_1_162' title='bbox 825 1702 884 1755; x_wconf 92' lang='lat' dir='ltr'><strong>in</strong></span> <span class='ocrx_word' id='word_1_163' title='bbox 923 1702 1097 1771; x_wconf 90' lang='lat' dir='ltr'><strong>dorso,</strong></span> <span class='ocrx_word' id='word_1_164' title='bbox 1136 1702 1192 1753; x_wconf 93' lang='lat' dir='ltr'><strong>in</strong></span> <span class='ocrx_word' id='word_1_165' title='bbox 1231 1705 1416 1754; x_wconf 84' lang='lat' dir='ltr'><strong>ventre</strong></span> <span class='ocrx_word' id='word_1_166' title='bbox 1455 1703 1650 1770; x_wconf 88' lang='lat' dir='ltr'><strong>equino</strong></span> <span class='ocrx_word' id='word_1_167' title='bbox 1690 1701 1765 1769; x_wconf 83' lang='lat' dir='ltr'>II,</span> <span class='ocrx_word' id='word_1_168' title='bbox 1806 1703 1862 1755; x_wconf 90' lang='lat' dir='ltr'><strong>in</strong></span> 
     </span>
     <span class='ocr_line' id='line_1_22' title="bbox 163 1775 1861 1846; baseline 0.001 -20"><span class='ocrx_word' id='word_1_169' title='bbox 163 1775 550 1843; x_wconf 89' lang='lat' dir='ltr'><strong>posterioribus</strong></span> <span class='ocrx_word' id='word_1_170' title='bbox 585 1794 710 1828; x_wconf 85' lang='lat' dir='ltr'><strong>vero</strong></span> <span class='ocrx_word' id='word_1_171' title='bbox 751 1776 978 1845; x_wconf 91' lang='lat' dir='ltr'><strong>pedibus</strong></span> <span class='ocrx_word' id='word_1_172' title='bbox 1017 1794 1187 1844; x_wconf 93' lang='lat' dir='ltr'><strong>usque</strong></span> <span class='ocrx_word' id='word_1_173' title='bbox 1226 1776 1292 1828; x_wconf 88' lang='lat' dir='ltr'><strong>ad</strong></span> <span class='ocrx_word' id='word_1_174' title='bbox 1330 1794 1537 1846; x_wconf 89' lang='lat' dir='ltr'><strong>ungues</strong></span> <span class='ocrx_word' id='word_1_175' title='bbox 1578 1780 1685 1828; x_wconf 90' lang='lat' dir='ltr'><strong>tres</strong></span> <span class='ocrx_word' id='word_1_176' title='bbox 1725 1795 1861 1835; x_wconf 80' lang='lat' dir='ltr'><strong>quae</strong></span> 
     </span>
     <span class='ocr_line' id='line_1_23' title="bbox 163 1848 1859 1918; baseline 0.001 -18"><span class='ocrx_word' id='word_1_177' title='bbox 163 1852 461 1917; x_wconf 90' lang='lat' dir='ltr'><strong>sequuntur</strong></span> <span class='ocrx_word' id='word_1_178' title='bbox 507 1853 685 1918; x_wconf 87' lang='lat' dir='ltr'><strong>partes</strong></span> <span class='ocrx_word' id='word_1_179' title='bbox 734 1852 1080 1918; x_wconf 88' lang='lat' dir='ltr'><strong>collocantur,</strong></span> <span class='ocrx_word' id='word_1_180' title='bbox 1126 1848 1322 1902; x_wconf 90' lang='lat' dir='ltr'>XXVI.</span> <span class='ocrx_word' id='word_1_181' title='bbox 1370 1868 1497 1903; x_wconf 86' lang='lat' dir='ltr'><strong>vero</strong></span> <span class='ocrx_word' id='word_1_182' title='bbox 1544 1854 1598 1902; x_wconf 92' lang='lat' dir='ltr'><strong>et</strong></span> <span class='ocrx_word' id='word_1_183' title='bbox 1636 1849 1859 1902; x_wconf 81' lang='lat' dir='ltr'>XXVII.</span> 
     </span>
     <span class='ocr_line' id='line_1_24' title="bbox 163 1922 1859 1994; baseline 0.001 -20"><span class='ocrx_word' id='word_1_184' title='bbox 163 1922 220 1974; x_wconf 91' lang='lat' dir='ltr'><strong>in</strong></span> <span class='ocrx_word' id='word_1_185' title='bbox 266 1926 457 1976; x_wconf 88' lang='lat' dir='ltr'><strong>natura</strong></span> <span class='ocrx_word' id='word_1_186' title='bbox 505 1923 784 1994; x_wconf 87' lang='lat' dir='ltr'><strong>Sagittarii</strong></span> <span class='ocrx_word' id='word_1_187' title='bbox 833 1926 1179 1991; x_wconf 89' lang='lat' dir='ltr'><strong>collocantur,</strong></span> <span class='ocrx_word' id='word_1_188' title='bbox 1229 1927 1510 1992; x_wconf 87' lang='lat' dir='ltr'><strong>sequentes</strong></span> <span class='ocrx_word' id='word_1_189' title='bbox 1556 1942 1681 1977; x_wconf 85' lang='lat' dir='ltr'><strong>vero</strong></span> <span class='ocrx_word' id='word_1_190' title='bbox 1727 1925 1859 1976; x_wconf 90' lang='lat' dir='ltr'><strong>duae</strong></span> 
     </span>
     <span class='ocr_line' id='line_1_25' title="bbox 165 1997 1860 2067; baseline 0.002 -20"><span class='ocrx_word' id='word_1_191' title='bbox 165 1997 220 2048; x_wconf 93' lang='lat' dir='ltr'><strong>in</strong></span> <span class='ocrx_word' id='word_1_192' title='bbox 261 1997 447 2050; x_wconf 84' lang='lat' dir='ltr'><strong>dextra</strong></span> <span class='ocrx_word' id='word_1_193' title='bbox 483 2002 761 2067; x_wconf 89' lang='lat' dir='ltr'><strong>ponuntur</strong></span> <span class='ocrx_word' id='word_1_194' title='bbox 799 2017 976 2064; x_wconf 88' lang='lat' dir='ltr'><strong>manu,</strong></span> <span class='ocrx_word' id='word_1_195' title='bbox 1024 1997 1191 2050; x_wconf 91' lang='lat' dir='ltr'>XXX.</span> <span class='ocrx_word' id='word_1_196' title='bbox 1233 1998 1348 2050; x_wconf 88' lang='lat' dir='ltr'><strong>sola</strong></span> <span class='ocrx_word' id='word_1_197' title='bbox 1393 2017 1519 2066; x_wconf 86' lang='lat' dir='ltr'><strong>pars</strong></span> <span class='ocrx_word' id='word_1_198' title='bbox 1567 2001 1860 2051; x_wconf 85' lang='lat' dir='ltr'><strong>collocatur</strong></span> 
     </span>
     <span class='ocr_line' id='line_1_26' title="bbox 97 2070 438 2124; baseline 0.006 -2"><span class='ocrx_word' id='word_1_199' title='bbox 97 2090 138 2122; x_wconf 77' lang='lat'><strong>25</strong></span> <span class='ocrx_word' id='word_1_200' title='bbox 164 2070 221 2122; x_wconf 90' lang='lat' dir='ltr'><strong>in</strong></span> <span class='ocrx_word' id='word_1_201' title='bbox 260 2071 438 2124; x_wconf 86' lang='lat' dir='ltr'><strong>cauda.</strong></span> 
     </span>
    </p>
   </div>
   <div class='ocr_carea' id='block_1_3' title="bbox 163 2260 1858 2498">
    <p class='ocr_par' dir='ltr' id='par_1_3' title="bbox 163 2260 1858 2498">
     <span class='ocr_line' id='line_1_27' title="bbox 286 2260 1858 2320; baseline 0.001 -18"><span class='ocrx_word' id='word_1_202' title='bbox 286 2266 307 2302; x_wconf 97' lang='lat'>1</span> <span class='ocrx_word' id='word_1_203' title='bbox 342 2260 445 2304; x_wconf 90' lang='lat' dir='ltr'><strong>istis</strong></span> <span class='ocrx_word' id='word_1_204' title='bbox 481 2263 548 2319; x_wconf 93' lang='grc' dir='ltr'><strong>Γ]</strong></span> <span class='ocrx_word' id='word_1_205' title='bbox 581 2262 654 2305; x_wconf 86' lang='lat' dir='ltr'><strong>his</strong></span> <span class='ocrx_word' id='word_1_206' title='bbox 688 2265 726 2305; x_wconf 93' lang='grc' dir='ltr'><em>Δ</em></span> <span class='ocrx_word' id='word_1_207' title='bbox 865 2267 890 2304; x_wconf 88' lang='lat'>5</span> <span class='ocrx_word' id='word_1_208' title='bbox 925 2261 1259 2318; x_wconf 89' lang='lat' dir='ltr'><strong>subsequentes</strong></span> <span class='ocrx_word' id='word_1_209' title='bbox 1293 2264 1333 2305; x_wconf 94' lang='grc' dir='ltr'><em>Δ</em></span> <span class='ocrx_word' id='word_1_210' title='bbox 1469 2267 1493 2305; x_wconf 86' lang='grc'><strong>6</strong></span> <span class='ocrx_word' id='word_1_211' title='bbox 1527 2262 1611 2305; x_wconf 84' lang='lat' dir='ltr'><strong>has</strong></span> <span class='ocrx_word' id='word_1_212' title='bbox 1643 2262 1700 2320; x_wconf 77' lang='lat' dir='ltr'><strong>A]</strong></span> <span class='ocrx_word' id='word_1_213' title='bbox 1732 2262 1790 2305; x_wconf 92' lang='lat' dir='ltr'><strong>he</strong></span> <span class='ocrx_word' id='word_1_214' title='bbox 1823 2267 1858 2304; x_wconf 86' lang='lat' dir='ltr'>G</span> 
     </span>
     <span class='ocr_line' id='line_1_28' title="bbox 166 2319 1856 2374; baseline 0.002 -14"><span class='ocrx_word' id='word_1_215' title='bbox 166 2319 256 2362; x_wconf 88' lang='lat' dir='ltr'><strong>due</strong></span> <span class='ocrx_word' id='word_1_216' title='bbox 282 2322 321 2362; x_wconf 93' lang='grc' dir='ltr'><em>Δ</em></span> <span class='ocrx_word' id='word_1_217' title='bbox 355 2322 436 2374; x_wconf 81' lang='lat' dir='ltr'><strong>qui</strong></span> <span class='ocrx_word' id='word_1_218' title='bbox 457 2334 562 2365; x_wconf 76' lang='lat' dir='ltr'><strong>mox</strong></span> <span class='ocrx_word' id='word_1_219' title='bbox 587 2322 707 2364; x_wconf 89' lang='lat' dir='ltr'><strong>duae</strong></span> <span class='ocrx_word' id='word_1_220' title='bbox 732 2335 814 2365; x_wconf 88' lang='lat' dir='ltr'><strong>om.</strong></span> <span class='ocrx_word' id='word_1_221' title='bbox 940 2326 963 2364; x_wconf 85' lang='lat'><strong>7</strong></span> <span class='ocrx_word' id='word_1_222' title='bbox 998 2323 1080 2364; x_wconf 82' lang='lat' dir='ltr'><strong>lae.</strong></span> <span class='ocrx_word' id='word_1_223' title='bbox 1110 2322 1284 2365; x_wconf 65' lang='lat' dir='ltr'><strong>eat-hibet</strong></span> <span class='ocrx_word' id='word_1_224' title='bbox 1306 2325 1343 2363; x_wconf 80' lang='lat' dir='ltr'>A</span> <span class='ocrx_word' id='word_1_225' title='bbox 1375 2323 1468 2364; x_wconf 86' lang='lat' dir='ltr'><strong>tres</strong></span> <span class='ocrx_word' id='word_1_226' title='bbox 1501 2322 1688 2364; x_wconf 86' lang='lat' dir='ltr'><strong>invente</strong></span> <span class='ocrx_word' id='word_1_227' title='bbox 1721 2323 1856 2366; x_wconf 72' lang='lat' dir='ltr'><strong>inser.</strong></span> 
     </span>
     <span class='ocr_line' id='line_1_29' title="bbox 163 2379 1852 2438; baseline 0.002 -19"><span class='ocrx_word' id='word_1_228' title='bbox 163 2382 201 2419; x_wconf 73' lang='lat' dir='ltr'>N</span> <span class='ocrx_word' id='word_1_229' title='bbox 234 2380 327 2421; x_wconf 84' lang='lat' dir='ltr'><strong>tres</strong></span> <span class='ocrx_word' id='word_1_230' title='bbox 359 2379 537 2423; x_wconf 88' lang='lat' dir='ltr'><strong>invenit</strong></span> <span class='ocrx_word' id='word_1_231' title='bbox 566 2385 647 2422; x_wconf 86' lang='lat' dir='ltr'><strong>DG</strong></span> <span class='ocrx_word' id='word_1_232' title='bbox 681 2379 815 2437; x_wconf 89' lang='lat' dir='ltr'>(XIII.</span> <span class='ocrx_word' id='word_1_233' title='bbox 840 2379 959 2424; x_wconf 91' lang='lat' dir='ltr'>XIV.</span> <span class='ocrx_word' id='word_1_234' title='bbox 986 2380 1082 2423; x_wconf 87' lang='lat' dir='ltr'><strong>XV.</strong></span> <span class='ocrx_word' id='word_1_235' title='bbox 1115 2380 1163 2423; x_wconf 91' lang='lat' dir='ltr'><strong>in</strong></span> <span class='ocrx_word' id='word_1_236' title='bbox 1197 2382 1355 2423; x_wconf 90' lang='lat' dir='ltr'><strong>ventre</strong></span> <span class='ocrx_word' id='word_1_237' title='bbox 1388 2383 1432 2437; x_wconf 79' lang='lat' dir='ltr'><strong>a)</strong></span> <span class='ocrx_word' id='word_1_238' title='bbox 1491 2382 1497 2436; x_wconf 88' lang='lat'>1</span> <span class='ocrx_word' id='word_1_239' title='bbox 1556 2381 1744 2423; x_wconf 85' lang='lat' dir='ltr'><strong>dextera</strong></span> <span class='ocrx_word' id='word_1_240' title='bbox 1777 2386 1811 2422; x_wconf 85' lang='grc' dir='ltr'><strong>Ι)</strong></span> <span class='ocrx_word' id='word_1_241' title='bbox 1848 2382 1852 2438; x_wconf 77' lang='grc' dir='ltr'>Ι</span> 
     </span>
     <span class='ocr_line' id='line_1_30' title="bbox 164 2439 1856 2498; baseline 0.002 -19"><span class='ocrx_word' id='word_1_242' title='bbox 164 2451 270 2480; x_wconf 87' lang='lat' dir='ltr'><strong>vero</strong></span> <span class='ocrx_word' id='word_1_243' title='bbox 295 2452 377 2482; x_wconf 83' lang='lat' dir='ltr'><strong>om.</strong></span> <span class='ocrx_word' id='word_1_244' title='bbox 404 2442 443 2480; x_wconf 70' lang='lat' dir='ltr'>R</span> <span class='ocrx_word' id='word_1_245' title='bbox 563 2442 589 2482; x_wconf 87' lang='lat'><em>8</em></span> <span class='ocrx_word' id='word_1_246' title='bbox 616 2439 804 2482; x_wconf 89' lang='lat' dir='ltr'><strong>sinistro</strong></span> <span class='ocrx_word' id='word_1_247' title='bbox 830 2443 912 2482; x_wconf 70' lang='lat' dir='ltr'><strong>GR</strong></span> <span class='ocrx_word' id='word_1_248' title='bbox 1027 2444 1082 2483; x_wconf 90' lang='lat'><strong>10</strong></span> <span class='ocrx_word' id='word_1_249' title='bbox 1107 2439 1188 2495; x_wconf 92' lang='lat' dir='ltr'><strong>qui</strong></span> <span class='ocrx_word' id='word_1_250' title='bbox 1213 2440 1259 2498; x_wconf 79' lang='lat' dir='ltr'><strong>a]</strong></span> <span class='ocrx_word' id='word_1_251' title='bbox 1286 2439 1411 2495; x_wconf 91' lang='lat' dir='ltr'><strong>quod</strong></span> <span class='ocrx_word' id='word_1_252' title='bbox 1528 2444 1581 2483; x_wconf 87' lang='lat'><strong>13</strong></span> <span class='ocrx_word' id='word_1_253' title='bbox 1615 2453 1698 2496; x_wconf 91' lang='lat' dir='ltr'><strong>per</strong></span> <span class='ocrx_word' id='word_1_254' title='bbox 1722 2453 1856 2483; x_wconf 88' lang='lat' dir='ltr'><strong>omne</strong></span> 
     </span>
    </p>
   </div>
   <div class='ocr_carea' id='block_1_4' title="bbox 164 2497 1856 2674">
    <p class='ocr_par' dir='ltr' id='par_1_4' title="bbox 164 2497 1856 2674">
     <span class='ocr_line' id='line_1_31' title="bbox 165 2497 1856 2555; baseline 0.002 -16"><span class='ocrx_word' id='word_1_255' title='bbox 165 2510 330 2552; x_wconf 88' lang='lat' dir='ltr'><strong>corpus</strong></span> <span class='ocrx_word' id='word_1_256' title='bbox 364 2497 462 2539; x_wconf 89' lang='lat' dir='ltr'><strong>eius</strong></span> <span class='ocrx_word' id='word_1_257' title='bbox 495 2511 576 2541; x_wconf 88' lang='lat' dir='ltr'><strong>om.</strong></span> <span class='ocrx_word' id='word_1_258' title='bbox 611 2497 659 2540; x_wconf 79' lang='lat' dir='ltr'><strong>A&#39;</strong></span> <span class='ocrx_word' id='word_1_259' title='bbox 720 2504 725 2555; x_wconf 82' lang='grc' dir='ltr'>Ι</span> <span class='ocrx_word' id='word_1_260' title='bbox 783 2498 883 2541; x_wconf 90' lang='lat' dir='ltr'><strong>eius</strong></span> <span class='ocrx_word' id='word_1_261' title='bbox 915 2512 998 2542; x_wconf 87' lang='lat' dir='ltr'><strong>om.</strong></span> <span class='ocrx_word' id='word_1_262' title='bbox 1030 2503 1070 2541; x_wconf 69' lang='lat' dir='ltr'>N</span> <span class='ocrx_word' id='word_1_263' title='bbox 1101 2505 1207 2543; x_wconf 81' lang='lat' dir='ltr'><strong>ante</strong></span> <span class='ocrx_word' id='word_1_264' title='bbox 1237 2511 1320 2555; x_wconf 91' lang='lat' dir='ltr'><strong>per</strong></span> <span class='ocrx_word' id='word_1_265' title='bbox 1349 2512 1454 2554; x_wconf 79' lang='lat' dir='ltr'><strong>pon.</strong></span> <span class='ocrx_word' id='word_1_266' title='bbox 1487 2503 1523 2540; x_wconf 83' lang='lat'><strong>1)</strong></span> <span class='ocrx_word' id='word_1_267' title='bbox 1677 2503 1730 2541; x_wconf 83' lang='lat'><strong>14</strong></span> <span class='ocrx_word' id='word_1_268' title='bbox 1775 2498 1856 2542; x_wconf 85' lang='lat' dir='ltr'><strong>Sa-</strong></span> 
     </span>
     <span class='ocr_line' id='line_1_32' title="bbox 164 2555 1854 2614; baseline 0.001 -16"><span class='ocrx_word' id='word_1_269' title='bbox 164 2555 346 2612; x_wconf 89' lang='lat' dir='ltr'><strong>gittarii</strong></span> <span class='ocrx_word' id='word_1_270' title='bbox 382 2556 448 2614; x_wconf 93' lang='grc' dir='ltr'><strong>Γ]</strong></span> <span class='ocrx_word' id='word_1_271' title='bbox 482 2556 580 2600; x_wconf 89' lang='lat' dir='ltr'><strong>eius</strong></span> <span class='ocrx_word' id='word_1_272' title='bbox 612 2559 651 2600; x_wconf 96' lang='grc' dir='ltr'><em>Δ</em></span> <span class='ocrx_word' id='word_1_273' title='bbox 777 2562 830 2600; x_wconf 80' lang='lat'><strong>15</strong></span> <span class='ocrx_word' id='word_1_274' title='bbox 863 2571 971 2601; x_wconf 86' lang='lat' dir='ltr'><strong>vero</strong></span> <span class='ocrx_word' id='word_1_275' title='bbox 1005 2571 1088 2602; x_wconf 89' lang='lat' dir='ltr'><strong>om.</strong></span> <span class='ocrx_word' id='word_1_276' title='bbox 1122 2560 1161 2601; x_wconf 93' lang='grc' dir='ltr'><em>Δ</em></span> <span class='ocrx_word' id='word_1_277' title='bbox 1295 2562 1348 2601; x_wconf 88' lang='grc'><strong>16</strong></span> <span class='ocrx_word' id='word_1_278' title='bbox 1380 2558 1713 2613; x_wconf 86' lang='lat' dir='ltr'><strong>praecedentes</strong></span> <span class='ocrx_word' id='word_1_279' title='bbox 1746 2558 1854 2601; x_wconf 90' lang='lat' dir='ltr'><strong>sub-</strong></span> 
     </span>
     <span class='ocr_line' id='line_1_33' title="bbox 165 2616 1851 2674; baseline 0.001 -17"><span class='ocrx_word' id='word_1_280' title='bbox 165 2616 422 2670; x_wconf 90' lang='lat' dir='ltr'><strong>sequuntur</strong></span> <span class='ocrx_word' id='word_1_281' title='bbox 451 2618 687 2671; x_wconf 90' lang='lat' dir='ltr'><strong>ponuntur</strong></span> <span class='ocrx_word' id='word_1_282' title='bbox 716 2616 766 2659; x_wconf 88' lang='lat' dir='ltr'><strong>in</strong></span> <span class='ocrx_word' id='word_1_283' title='bbox 798 2629 875 2659; x_wconf 91' lang='lat' dir='ltr'><strong>ore</strong></span> <span class='ocrx_word' id='word_1_284' title='bbox 909 2617 1038 2674; x_wconf 58' lang='lat' dir='ltr'><strong>Sag„</strong></span> <span class='ocrx_word' id='word_1_285' title='bbox 1070 2619 1164 2660; x_wconf 91' lang='lat' dir='ltr'><strong>tres</strong></span> <span class='ocrx_word' id='word_1_286' title='bbox 1197 2619 1237 2660; x_wconf 96' lang='grc' dir='ltr'><em>Δ</em></span> <span class='ocrx_word' id='word_1_287' title='bbox 1392 2620 1445 2661; x_wconf 91' lang='grc'><strong>18</strong></span> <span class='ocrx_word' id='word_1_288' title='bbox 1486 2617 1534 2659; x_wconf 90' lang='lat' dir='ltr'><strong>in</strong></span> <span class='ocrx_word' id='word_1_289' title='bbox 1566 2631 1649 2661; x_wconf 88' lang='lat' dir='ltr'><strong>om.</strong></span> <span class='ocrx_word' id='word_1_290' title='bbox 1684 2620 1810 2659; x_wconf 73' lang='grc' dir='ltr'><strong>ΑΒΘ</strong></span> <span class='ocrx_word' id='word_1_291' title='bbox 1845 2620 1851 2672; x_wconf 83' lang='grc' dir='ltr'>Ι</span> 
     </span>
    </p>
   </div>
   <div class='ocr_carea' id='block_1_5' title="bbox 164 2674 1860 2909">
    <p class='ocr_par' dir='ltr' id='par_1_5' title="bbox 164 2674 1860 2909">
     <span class='ocr_line' id='line_1_34' title="bbox 165 2674 1847 2733; baseline 0.003 -17"><span class='ocrx_word' id='word_1_292' title='bbox 165 2674 339 2717; x_wconf 87' lang='lat' dir='ltr'><strong>cervice</strong></span> <span class='ocrx_word' id='word_1_293' title='bbox 374 2675 475 2726; x_wconf 71' lang='lat' dir='ltr'><strong>GN!</strong></span> <span class='ocrx_word' id='word_1_294' title='bbox 509 2674 675 2718; x_wconf 87' lang='lat' dir='ltr'><strong>cervici</strong></span> <span class='ocrx_word' id='word_1_295' title='bbox 708 2679 787 2717; x_wconf 78' lang='lat' dir='ltr'><strong>An</strong></span> <span class='ocrx_word' id='word_1_296' title='bbox 827 2679 832 2731; x_wconf 85' lang='grc' dir='ltr'>Ι</span> <span class='ocrx_word' id='word_1_297' title='bbox 874 2677 1107 2732; x_wconf 89' lang='lat' dir='ltr'><strong>ponentur</strong></span> <span class='ocrx_word' id='word_1_298' title='bbox 1135 2676 1184 2733; x_wconf 87' lang='lat' dir='ltr'><strong>v]</strong></span> <span class='ocrx_word' id='word_1_299' title='bbox 1217 2676 1516 2732; x_wconf 88' lang='lat' dir='ltr'><strong>imponentur</strong></span> <span class='ocrx_word' id='word_1_300' title='bbox 1546 2678 1723 2730; x_wconf 90' lang='lat' dir='ltr'><strong>(-untur</strong></span> <span class='ocrx_word' id='word_1_301' title='bbox 1752 2678 1808 2730; x_wconf 71' lang='grc' dir='ltr'><strong>Π)</strong></span> <span class='ocrx_word' id='word_1_302' title='bbox 1843 2678 1847 2722; x_wconf 81' lang='grc' dir='ltr'>Ι</span> 
     </span>
     <span class='ocr_line' id='line_1_35' title="bbox 165 2733 1855 2792; baseline 0.002 -17"><span class='ocrx_word' id='word_1_303' title='bbox 165 2733 286 2776; x_wconf 91' lang='lat' dir='ltr'><strong>duae</strong></span> <span class='ocrx_word' id='word_1_304' title='bbox 318 2746 426 2776; x_wconf 86' lang='lat' dir='ltr'><strong>vero</strong></span> <span class='ocrx_word' id='word_1_305' title='bbox 456 2734 523 2790; x_wconf 93' lang='grc' dir='ltr'><strong>Γ]</strong></span> <span class='ocrx_word' id='word_1_306' title='bbox 556 2733 629 2777; x_wconf 89' lang='grc' dir='ltr'><strong>ΧΙ.</strong></span> <span class='ocrx_word' id='word_1_307' title='bbox 657 2736 703 2777; x_wconf 90' lang='lat' dir='ltr'><strong>et</strong></span> <span class='ocrx_word' id='word_1_308' title='bbox 726 2733 823 2779; x_wconf 91' lang='lat' dir='ltr'>XII.</span> <span class='ocrx_word' id='word_1_309' title='bbox 853 2737 892 2778; x_wconf 95' lang='lat' dir='ltr'><em>A</em></span> <span class='ocrx_word' id='word_1_310' title='bbox 1017 2740 1070 2778; x_wconf 87' lang='grc'><strong>19</strong></span> <span class='ocrx_word' id='word_1_311' title='bbox 1103 2737 1197 2779; x_wconf 91' lang='lat' dir='ltr'><strong>tres</strong></span> <span class='ocrx_word' id='word_1_312' title='bbox 1231 2733 1352 2778; x_wconf 87' lang='lat' dir='ltr'><strong>aliae</strong></span> <span class='ocrx_word' id='word_1_313' title='bbox 1382 2735 1449 2792; x_wconf 92' lang='grc' dir='ltr'><strong>Γ]</strong></span> <span class='ocrx_word' id='word_1_314' title='bbox 1483 2735 1600 2778; x_wconf 89' lang='grc' dir='ltr'><strong>ΧΠΙ.</strong></span> <span class='ocrx_word' id='word_1_315' title='bbox 1627 2733 1745 2778; x_wconf 90' lang='lat' dir='ltr'>XIV.</span> <span class='ocrx_word' id='word_1_316' title='bbox 1772 2734 1855 2778; x_wconf 89' lang='lat' dir='ltr'>XV</span> 
     </span>
     <span class='ocr_line' id='line_1_36' title="bbox 164 2793 1848 2851; baseline 0.001 -16"><span class='ocrx_word' id='word_1_317' title='bbox 164 2794 203 2835; x_wconf 92' lang='lat' dir='ltr'><em>A</em></span> <span class='ocrx_word' id='word_1_318' title='bbox 236 2793 529 2847; x_wconf 76' lang='lat' dir='ltr'><strong>similiterque</strong></span> <span class='ocrx_word' id='word_1_319' title='bbox 559 2808 598 2836; x_wconf 86' lang='lat' dir='ltr'>v.</span> <span class='ocrx_word' id='word_1_320' title='bbox 635 2798 701 2836; x_wconf 84' lang='lat'><strong>19.</strong></span> <span class='ocrx_word' id='word_1_321' title='bbox 736 2797 805 2836; x_wconf 92' lang='grc'><strong>20.</strong></span> <span class='ocrx_word' id='word_1_322' title='bbox 841 2798 939 2848; x_wconf 87' lang='grc'><strong>292,</strong></span> <span class='ocrx_word' id='word_1_323' title='bbox 973 2799 1012 2837; x_wconf 88' lang='lat'><strong>3.</strong></span> <span class='ocrx_word' id='word_1_324' title='bbox 1047 2799 1074 2836; x_wconf 89' lang='lat'>4</span> <span class='ocrx_word' id='word_1_325' title='bbox 1225 2799 1278 2837; x_wconf 91' lang='grc'><strong>21</strong></span> <span class='ocrx_word' id='word_1_326' title='bbox 1322 2808 1468 2849; x_wconf 89' lang='lat' dir='ltr'><strong>usque</strong></span> <span class='ocrx_word' id='word_1_327' title='bbox 1505 2795 1570 2851; x_wconf 89' lang='grc' dir='ltr'><strong>Γ]</strong></span> <span class='ocrx_word' id='word_1_328' title='bbox 1615 2806 1734 2848; x_wconf 83' lang='lat' dir='ltr'><strong>quae</strong></span> <span class='ocrx_word' id='word_1_329' title='bbox 1767 2796 1806 2836; x_wconf 81' lang='lat' dir='ltr'><em>A</em></span> <span class='ocrx_word' id='word_1_330' title='bbox 1845 2797 1848 2806; x_wconf 83' lang='lat'><strong>‘</strong></span> 
     </span>
     <span class='ocr_line' id='line_1_37' title="bbox 164 2851 1860 2909; baseline 0.002 -16"><span class='ocrx_word' id='word_1_331' title='bbox 164 2864 283 2905; x_wconf 89' lang='lat' dir='ltr'><strong>quae</strong></span> <span class='ocrx_word' id='word_1_332' title='bbox 316 2853 572 2907; x_wconf 88' lang='lat' dir='ltr'><strong>sequuntur</strong></span> <span class='ocrx_word' id='word_1_333' title='bbox 603 2851 648 2909; x_wconf 82' lang='grc' dir='ltr'><strong>κ]</strong></span> <span class='ocrx_word' id='word_1_334' title='bbox 683 2854 1028 2908; x_wconf 85' lang='lat' dir='ltr'><strong>consequuntur</strong></span> <span class='ocrx_word' id='word_1_335' title='bbox 1179 2857 1234 2896; x_wconf 89' lang='grc'><strong>22</strong></span> <span class='ocrx_word' id='word_1_336' title='bbox 1266 2855 1424 2908; x_wconf 85' lang='lat' dir='ltr'><strong>partes</strong></span> <span class='ocrx_word' id='word_1_337' title='bbox 1456 2870 1482 2895; x_wconf 87' lang='grc' dir='ltr'><strong><em>κ</em></strong></span> <span class='ocrx_word' id='word_1_338' title='bbox 1493 2853 1534 2909; x_wconf 82' lang='grc' dir='ltr'><strong>ζ]</strong></span> <span class='ocrx_word' id='word_1_339' title='bbox 1573 2853 1776 2908; x_wconf 88' lang='lat' dir='ltr'><strong>pertinet</strong></span> <span class='ocrx_word' id='word_1_340' title='bbox 1813 2855 1860 2896; x_wconf 90' lang='grc' dir='ltr'>Γ</span> 
     </span>
    </p>
   </div>
   <div class='ocr_carea' id='block_1_6' title="bbox 163 2909 1849 3026">
    <p class='ocr_par' dir='ltr' id='par_1_6' title="bbox 163 2909 1849 3026">
     <span class='ocr_line' id='line_1_38' title="bbox 163 2909 1849 2967; baseline 0.001 -15"><span class='ocrx_word' id='word_1_341' title='bbox 163 2924 247 2953; x_wconf 86' lang='lat' dir='ltr'><strong>om.</strong></span> <span class='ocrx_word' id='word_1_342' title='bbox 273 2912 312 2952; x_wconf 95' lang='lat' dir='ltr'><em>A</em></span> <span class='ocrx_word' id='word_1_343' title='bbox 372 2911 377 2966; x_wconf 92' lang='grc' dir='ltr'>Ι</span> <span class='ocrx_word' id='word_1_344' title='bbox 448 2909 736 2954; x_wconf 89' lang='lat' dir='ltr'><strong>collocantur</strong></span> <span class='ocrx_word' id='word_1_345' title='bbox 766 2925 848 2954; x_wconf 84' lang='lat' dir='ltr'><strong>om.</strong></span> <span class='ocrx_word' id='word_1_346' title='bbox 878 2913 918 2955; x_wconf 90' lang='lat' dir='ltr'><em>A</em></span> <span class='ocrx_word' id='word_1_347' title='bbox 977 2913 982 2967; x_wconf 91' lang='grc' dir='ltr'>Ι</span> <span class='ocrx_word' id='word_1_348' title='bbox 1048 2911 1144 2955; x_wconf 91' lang='lat' dir='ltr'><strong>XX.</strong></span> <span class='ocrx_word' id='word_1_349' title='bbox 1176 2926 1284 2955; x_wconf 84' lang='lat' dir='ltr'><strong>vero</strong></span> <span class='ocrx_word' id='word_1_350' title='bbox 1318 2914 1365 2955; x_wconf 86' lang='lat' dir='ltr'><strong>et</strong></span> <span class='ocrx_word' id='word_1_351' title='bbox 1396 2911 1556 2954; x_wconf 88' lang='lat' dir='ltr'>XXVI.</span> <span class='ocrx_word' id='word_1_352' title='bbox 1591 2914 1638 2955; x_wconf 89' lang='lat' dir='ltr'><strong>et</strong></span> <span class='ocrx_word' id='word_1_353' title='bbox 1668 2911 1849 2955; x_wconf 74' lang='lat' dir='ltr'>XXVII.</span> 
     </span>
     <span class='ocr_line' id='line_1_39' title="bbox 168 2969 1494 3026; baseline 0.002 -15"><span class='ocrx_word' id='word_1_354' title='bbox 168 2970 215 3011; x_wconf 93' lang='grc' dir='ltr'>Γ</span> <span class='ocrx_word' id='word_1_355' title='bbox 241 2971 361 3024; x_wconf 87' lang='lat' dir='ltr'><strong>(vcro</strong></span> <span class='ocrx_word' id='word_1_356' title='bbox 394 2983 476 3013; x_wconf 84' lang='lat' dir='ltr'><strong>om.</strong></span> <span class='ocrx_word' id='word_1_357' title='bbox 504 2972 560 3025; x_wconf 93' lang='lat' dir='ltr'><strong>A)</strong></span> <span class='ocrx_word' id='word_1_358' title='bbox 685 2974 740 3013; x_wconf 83' lang='lat'><strong>24</strong></span> <span class='ocrx_word' id='word_1_359' title='bbox 773 2969 872 3014; x_wconf 88' lang='lat' dir='ltr'><strong>sola</strong></span> <span class='ocrx_word' id='word_1_360' title='bbox 906 2969 1044 3014; x_wconf 91' lang='lat' dir='ltr'>XXX.</span> <span class='ocrx_word' id='word_1_361' title='bbox 1077 2973 1117 3014; x_wconf 95' lang='lat' dir='ltr'><em>A</em></span> <span class='ocrx_word' id='word_1_362' title='bbox 1178 2973 1183 3026; x_wconf 90' lang='grc' dir='ltr'>Ι</span> <span class='ocrx_word' id='word_1_363' title='bbox 1240 2970 1424 3014; x_wconf 89' lang='lat' dir='ltr'><strong>locatur</strong></span> <span class='ocrx_word' id='word_1_364' title='bbox 1455 2974 1494 3013; x_wconf 94' lang='lat' dir='ltr'><em>A</em></span> 
     </span>
    </p>
   </div>
   <div class='ocr_carea' id='block_1_7' title="bbox 1499 3044 1584 3085">
    <p class='ocr_par' dir='ltr' id='par_1_7' title="bbox 1499 3044 1584 3085">
     <span class='ocr_line' id='line_1_40' title="bbox 1499 3044 1584 3085; baseline 0 0"><span class='ocrx_word' id='word_1_365' title='bbox 1499 3044 1584 3085; x_wconf 82' lang='lat'><strong>19*</strong></span> 
     </span>
    </p>
   </div>
  </div>
 </body>
</html>
