2090 3198
280 131 389 184 330
1011 133 1239 178 FIRMICI

277 255 419 322 piter
465 256 518 304 et
562 252 704 306 Mars
744 253 886 305 hunc
933 254 1158 306 eundem
1204 255 1383 307 locum
1433 255 1770 325 radiaverint,
1811 261 1965 310 erunt

280 327 437 380 duces
477 327 567 378 sed
607 328 700 395 qui
739 331 925 380 contra
955 328 1208 380 barbaros
1242 330 1535 383 exercitum
1569 330 1819 383 ducentes
1849 348 1963 399 per-

281 401 420 453 dant.
486 399 587 453 Sed
623 401 669 453 si
700 400 999 455 Mercurius
1030 402 1396 455 testimonium
1428 403 1778 472 perhibuerit,
1809 408 1963 456 erunt

224 477 259 530 3
276 475 571 544 praepositi
601 475 972 529 thesaurorum
997 480 1050 529 et
1072 476 1411 530 feneratores,
1474 477 1963 547 Quotienscumque

278 553 456 601 autem
513 548 774 602 Saturnus
831 550 896 603 ad
948 551 1091 602 hunc
1143 551 1323 603 locum
1377 553 1610 621 venerit,
1661 552 1716 604 in
1771 570 1964 622 magna
2010 573 2030 607 5

276 624 502 691 penuria
533 623 941 676 constituentur.
1013 623 1070 676 Si
1101 623 1343 693 Iuppiter
1375 627 1519 678 solus
1553 627 1609 678 in
1639 627 1813 695 <hoc>
1843 627 1962 679 1060

208 761 212 763 ¹
274 696 453 765 fuerit,
491 699 671 750 omnia
710 698 1063 751 decernuntur
1099 699 1375 751 felicitatis
1414 700 1660 770 insignia.
1724 699 1782 753 Si
1813 699 1963 752 Luna

277 788 513 824 crescens
552 771 754 823 lumine
793 770 910 825 Iovi
951 772 1347 825 conmodaverit
1385 773 1578 843 radios,
1618 792 1739 827 cum
1779 778 1964 843 poten-

275 846 421 897 tibus
468 845 882 914 pulchritudinis
929 847 1122 899 merito
1170 847 1276 898 fida
1322 847 1444 911 illos
1485 848 1751 900 amicitiae
1789 865 1964 901 neces-

276 918 453 972 situdo
502 921 803 990 coniunget.
882 919 1085 983 Quodsi
1123 920 1306 973 Venus
1345 922 1403 974 in
1450 922 1567 990 ipso
1613 922 1732 974 loco
1783 923 1961 991 fuerit,
1986 944 2028 977 ιο

273 993 434 1046 faciet
487 995 737 1046 mulieres
793 995 1127 1063 prostitutas
1206 993 1262 1046 Si
1308 1014 1435 1048 vero
1492 996 1590 1048 sub
1637 996 1754 1065 ipsa
1805 995 1962 1065 Spica

273 1067 408 1120 hora
437 1067 613 1137 fuerit,
637 1069 865 1137 (erunt)
887 1071 1119 1138 pistores
1153 1070 1243 1121 sed
1276 1071 1368 1138 qui
1399 1072 1538 1122 inter
1571 1073 1803 1141 collegas
1837 1088 1961 1123 suos

272 1142 505 1203 habeant
542 1143 919 1212 principatum.
984 1141 1042 1196 Si
1079 1161 1204 1196 vero
1245 1144 1395 1196 iuxta
1428 1143 1642 1213 Spicam
1674 1144 1837 1197 fuerit
1867 1145 1960 1196 ho-

221 1217 258 1269 4
274 1234 543 1285 roscopus,
575 1221 731 1269 erunt
763 1217 1001 1270 infelices
1025 1236 1283 1287 pauperes
1307 1220 1503 1271 miseri.
1550 1217 1613 1270 In
1639 1222 1789 1287 parte
1814 1217 1960 1271 VIII.

273 1290 515 1361 Virginis
555 1291 878 1359 quicumque
915 1291 1203 1344 habuerint
1248 1292 1624 1362 horoscopum,
1671 1293 1726 1344 id
1777 1296 1858 1346 est
1905 1293 1960 1345 in
1986 1314 2027 1347 15

273 1365 390 1433 ipsa
443 1364 616 1434 Spica,
665 1369 820 1418 erunt
866 1365 1106 1436 religiosi
1156 1366 1301 1435 iusti,
1347 1367 1632 1437 magnifica
1678 1367 1960 1419 nobilitate

272 1439 556 1508 perspicui,
596 1439 942 1493 affluentibus
983 1441 1185 1493 divitiis
1234 1441 1422 1511 ornati,
1461 1444 1516 1492 et
1556 1442 1648 1510 qui
1695 1442 1962 1512 gaudeant

271 1512 416 1566 felici
456 1513 641 1566 sobole
679 1514 930 1566 filiorum.
1009 1513 1114 1566 Sed
1151 1515 1210 1567 hi
1247 1515 1305 1567 in
1342 1519 1594 1584 provecta
1641 1519 1812 1567 aetate
1850 1533 1961 1566 mo-

270 1588 490 1640 rientur.
565 1586 628 1639 In
682 1593 832 1657 parte
885 1586 976 1640 IX.
1017 1588 1259 1658 Virginis
1307 1589 1630 1658 quicumque
1676 1589 1962 1642 habuerint

87 1675 286 1719 f02.110r1
304 1662 681 1731 1101066οΡ11111,
721 1666 876 1715 erunt
913 1664 1203 1716 luctatores
1236 1664 1327 1715 sed
1359 1664 1453 1732 qui
1483 1664 1538 1715 in
1573 1664 1821 1716 omnibus
1855 1681 1960 1715 cer·
1985 1685 2028 1717 πο

273 1735 569 1788 taminibus
609 1740 1007 1805 consequantur
1045 1737 1278 1807 insignia
1317 1755 1645 1790 coronarum.
1709 1736 1773 1789 In
1812 1741 1961 1806 parte

272 1810 334 1862 X.
368 1809 611 1880 Virginis
661 1812 982 1879 quicumque
1035 1811 1323 1864 habuerint
1375 1811 1749 1880 horoscopum,
1805 1814 1961 1863 erunt

220 1884 506 1937 5latrones
547 1884 800 1938 effrenata
839 1885 1132 1954 cupiditate
1169 1903 1376 1954 semper
1406 1886 1662 1938 inmundi.
1714 1884 1778 1938 In
1809 1889 1961 1954 parte

272 1958 362 2011 XI.
397 1957 638 2029 Virginis
673 1959 995 2027 quicumque
1026 1959 1277 2012 habuerit
1307 1959 1682 2030 horoscopum,
1713 1960 1813 2012 erit
1845 1961 1959 2011 ath-

271 2034 379 2084 leta
411 2033 501 2085 sed
541 2033 634 2100 qui
674 2034 937 2102 gloriosae
978 2038 1334 2102 consequatur
1371 2034 1672 2086 nobilitatis
1712 2034 1957 2104 insignia,
1983 2055 2023 2087 25

273 2107 418 2159 dives
466 2124 525 2158 ac
573 2106 799 2160 divitum
853 2108 1134 2160 mulierum
1181 2108 1430 2178 maritus3
1486 2108 1578 2160 sed
1624 2111 1795 2160 morte
1849 2108 1960 2160 vio-

271 2181 416 2234 lenta
453 2181 724 2233 morietur.
787 2180 852 2233 In
890 2185 1040 2250 parte
1078 2181 1195 2234 XII.
1229 2181 1469 2252 Virginis
1510 2182 1830 2250 quicumque
1868 2181 1957 2234 ha-

271 2255 488 2306 buerint
516 2254 892 2323 horoscopum,
924 2259 1081 2307 erunt
1105 2256 1232 2309 iusti
1256 2256 1511 2326 religiosi,
1534 2256 1765 2309 maxima
1790 2255 1960 2326 digni-

272 2329 398 2380 tatis
444 2329 678 2398 insignia
723 2333 1068 2397 reportantes,
1137 2330 1313 2382 Erunt
1359 2330 1597 2398 profetae
1645 2330 1956 2382 sacerdotes

394 2524 415 2560 1
449 2518 735 2562 radiaverint
766 2518 920 2562 locum
953 2524 1025 2561 Gv
1146 2525 1169 2562 2
1202 2523 1400 2576 pergant
1432 2524 1471 2564 Δ
1595 2525 1621 2562 4
1652 2518 1884 2562 thesauris
1916 2520 1956 2561 Δ

274 2583 298 2620 6
336 2577 383 2620 81
417 2579 575 2620 autem
607 2594 633 2620 a
690 2580 695 2628 Ι
753 2578 858 2621 add.
892 2583 931 2620 N
1065 2584 1087 2622 7
1123 2579 1426 2623 decernentur
1457 2584 1529 2622 Gv
1665 2583 1689 2622 9
1722 2577 1958 2621 amicitiae

273 2654 299 2680 κ
310 2637 348 2693 ζ]
382 2636 554 2680 amicos
678 2641 730 2679 12
763 2637 877 2680 hora
904 2637 967 2695 Γ]
997 2638 1279 2694 horoscopus
1303 2643 1342 2680 Ν
1373 2639 1679 2694 horoscopum
1709 2652 1738 2679 v
1769 2651 1851 2681 om.
1877 2641 1912 2678 D
1949 2637 1952 2693 Ι

275 2696 380 2739 add.
415 2698 438 2748 ζ
467 2695 628 2752 (faciet
658 2698 741 2751 va)
799 2699 805 2752 1
862 2699 1072 2752 pastores
1106 2700 1145 2740 Δ
1180 2697 1397 2754 (pictores
1429 2697 1504 2754 ΒΞ)
1629 2701 1683 2740 18
1714 2696 1841 2740 felici
1872 2709 1955 2739 om.

273 2754 323 2796 A‘
355 2754 514 2798 felices
549 2759 582 2797 G
640 2757 645 2810 1
702 2755 751 2797 111
783 2755 833 2798 111
865 2756 904 2812 ζ]
938 2755 987 2798 111
1019 2759 1108 2799 AG
1139 2757 1187 2798 in
1219 2756 1271 2798 A'
1426 2761 1481 2800 20
1515 2756 1595 2799 sed
1628 2758 1688 2812 A]
1721 2757 1769 2798 et
1799 2757 1846 2798 Γ

274 2818 333 2855 22
362 2815 539 2856 horosc.
571 2813 679 2856 hab.
718 2817 764 2857 Γ
910 2819 964 2857 23
999 2815 1204 2858 athletae
1234 2815 1439 2859 latrones
1472 2818 1512 2859 A
1665 2819 1719 2857 25
1752 2813 1958 2869 insignia

273 2871 535 2915 nobilitatis
568 2875 607 2915 A
699 2880 705 2886 '
732 2878 785 2915 26
820 2873 947 2916 dives
981 2887 1034 2917 ac
1070 2875 1135 2931 Γ]
1178 2875 1298 2917 dites
1332 2877 1379 2918 et
1410 2877 1449 2917 A
1509 2876 1514 2929 Ι
1573 2874 1654 2916 sed
1685 2873 1766 2928 qui
1797 2876 1837 2915 A

276 2935 328 2972 27
362 2931 538 2975 horosc.
571 2931 677 2974 hab.
716 2935 762 2975 Γ
877 2937 931 2975 28
964 2933 1173 2989 religiosi
1204 2934 1317 2976 iusti
1348 2936 1387 2976 A
1432 2932 1640 2989 religiosi
1672 2946 1755 2975 om.
1790 2936 1824 2973 G
