2100 3186
875 132 961 176 VII
994 138 1034 187 2,
1058 145 1196 177 8—14.
1776 132 1883 184 213

193 256 342 307 nulla
391 254 612 307 habebit
657 254 797 306 vitae
843 257 1101 322 tempora.
1181 252 1238 306 Si
1284 270 1408 304 vero
1458 250 1636 305 Solem
1684 259 1737 305 et
1782 251 1885 304 Lu-

194 346 319 380 nam
364 328 422 380 in
459 327 625 380 XXX.
665 330 816 396 parte
862 329 1187 381 constitutos
1231 326 1515 380 malivolae
1562 329 1746 380 stellae
1794 329 1886 378 aut

194 402 330 470 (de)
376 402 634 470 quadrato
683 405 776 453 aut
821 401 959 470 <de>
998 401 1256 454 diametro
1303 401 1656 470 respexerint,
1702 402 1749 453 is
1794 401 1885 469 qui

194 479 351 528 natus
389 477 552 528 fuerit
591 476 865 544 expositus
905 495 936 528 a
974 476 1196 530 canibus
1234 475 1498 527 laceratus
1538 474 1884 545 extinguitur.

150 573 168 604 5
197 548 300 602 Sed
339 553 392 602 et
431 550 473 602 si
514 548 667 601 Luna
706 553 758 601 et
798 548 893 602 Sol
930 549 986 601 in
1017 548 1134 601 XII.
1168 549 1234 601 ab
1273 548 1574 617 horoscopo
1613 550 1732 601 loco
1765 567 1885 601 con-

196 624 371 676 stituti
409 623 610 691 pariter
647 623 850 676 fuerint
888 624 1116 693 inventi,
1155 627 1209 675 et
1246 623 1524 675 benivolae
1565 625 1750 675 stellae
1789 640 1886 675 nec

193 697 293 749 hos
331 715 428 751 nec
466 697 655 749 horam
694 715 950 766 prospera
980 697 1276 751 radiatione
1315 696 1668 766 respexerint,
1708 697 1754 749 is
1794 697 1886 766 qui

192 775 347 825 natus
385 771 547 825 fuerit
585 774 894 840 exponetur.
973 770 1030 824 Si
1069 789 1194 824 vero
1234 771 1515 824 malivolae
1554 773 1888 839 respexerint

195 848 393 914 stellae,
424 846 702 914 expositus
736 849 1081 899 consumetur
1113 865 1143 897 a
1174 845 1410 900 canibus.
1474 844 1532 898 Si
1562 863 1687 897 vero
1718 846 1794 898 sic
1826 848 1888 897 ut

128 942 169 973 10
195 920 425 972 diximus
464 921 521 971 in
558 919 780 989 tropicis
820 920 988 991 signis
1019 920 1221 973 fuerint
1253 919 1549 988 constituti,
1589 921 1702 972 sine
1740 920 1888 972 testi-

194 994 374 1046 monio
422 994 789 1047 benivolarum
839 997 1136 1064 stellarum,
1185 997 1344 1047 natus
1397 994 1580 1045 statim
1635 994 1692 1046 in
1746 1012 1887 1062 aqua

191 1068 402 1136 peribit.
481 1067 538 1120 Si
592 1069 647 1120 in
702 1069 948 1139 genitura
1001 1086 1174 1138 neque
1223 1067 1402 1120 Solem
1456 1086 1628 1136 neque
1677 1067 1883 1120 Lunam
1907 1067 1971 1121 12

191 1160 363 1210 neque
415 1142 775 1211 horoscopum
827 1160 998 1211 neque
1052 1142 1323 1195 Fortunae
1375 1142 1552 1195 locum
1607 1142 1886 1195 benivolae

193 1219 378 1269 stellae
426 1235 680 1285 prospera
730 1217 1026 1270 radiatione
1072 1216 1427 1287 respexerint,
1481 1216 1526 1268 is
1582 1217 1675 1285 qui
1728 1220 1886 1269 natus

126 1312 166 1342 15
192 1290 354 1343 fuerit
385 1294 694 1360 exponetur.
744 1289 800 1343 Si
832 1309 958 1344 vero
990 1291 1364 1344 malivolarum
1399 1293 1674 1343 stellarum
1706 1290 1886 1343 radius

194 1365 495 1432 accesserit,
543 1365 817 1434 expositus
866 1368 1210 1418 consumetur
1253 1383 1283 1416 a
1323 1365 1556 1417 canibus.
1635 1363 1693 1416 Si
1738 1367 1887 1417 nulla

191 1438 560 1491 benivolarum
609 1439 884 1492 stellarum
934 1457 1032 1492 nec
1079 1457 1200 1492 cum
1254 1438 1378 1492 Sole
1426 1442 1477 1490 et
1517 1439 1669 1491 Luna
1715 1457 1886 1508 neque

190 1514 247 1565 in
286 1513 584 1582 horoscopo
625 1531 796 1582 neque
836 1514 892 1565 in
923 1513 1036 1566 MC.
1077 1531 1250 1582 neque
1289 1514 1344 1565 in
1376 1513 1441 1565 V.
1474 1513 1542 1565 ab
1581 1512 1885 1582 horoscopo

190 1587 309 1640 loco
356 1605 528 1656 neque
575 1589 630 1638 in
678 1587 767 1640 XI.
807 1606 979 1656 neque
1028 1589 1082 1640 in
1129 1587 1218 1640 IX.
1259 1605 1432 1656 neque
1478 1588 1532 1639 in
1580 1585 1675 1639 III.
1714 1605 1887 1656 neque

124 1681 167 1712 20
191 1662 247 1713 in
286 1660 405 1714 VII.
443 1679 614 1730 neque
655 1662 712 1713 in
749 1661 840 1714 IV.
882 1663 1046 1715 fuerit
1091 1662 1331 1730 inventa,
1380 1662 1472 1714 sed
1519 1662 1572 1713 in
1621 1661 1705 1714 his
1752 1662 1886 1714 locis

193 1735 338 1788 solae
386 1735 495 1788 sint
542 1738 726 1788 stellae
773 1737 1055 1790 malivolae
1103 1736 1448 1805 constitutae,
1496 1738 1542 1788 is
1592 1736 1684 1804 qui
1729 1739 1887 1788 natus

191 1809 353 1862 fuerit
407 1814 716 1879 exponetur.
796 1810 852 1863 Si
914 1811 969 1862 in
1032 1811 1279 1881 genitura
1334 1809 1613 1863 benivolae
1669 1810 1884 1878 quidem
1905 1808 1973 1861 13

191 1884 355 1936 radiis
404 1885 512 1936 sint
553 1883 694 1936 Solis
741 1885 1054 1953 absconsae,
1101 1884 1385 1937 malivolae
1423 1902 1551 1936 vero
1601 1886 1785 1937 stellae
1831 1884 1887 1935 in

191 1957 457 2011 matutino
514 1959 622 2010 sint
676 1961 820 2029 ortu,
875 1960 921 2011 is
978 1959 1068 2028 qui
1129 1962 1289 2011 natus
1350 1959 1514 2011 fuerit
1576 1961 1886 2026 exponetur.

126 2050 167 2082 25
195 2030 298 2084 Sed
345 2035 398 2084 et
446 2033 492 2084 si
537 2031 690 2084 Luna
737 2034 813 2085 sic
859 2035 929 2085 sit
977 2033 1232 2102 synodica
1276 2035 1338 2084 ut
1385 2050 1594 2085 omnem
1645 2032 1887 2084 substan-

192 2106 322 2158 tiam
369 2106 588 2158 luminis
634 2106 844 2175 perdat,
890 2125 987 2159 nec
1036 2125 1149 2159 eam
1197 2108 1377 2174 aliqua
1432 2105 1680 2159 benivola
1734 2108 1888 2158 stella

192 2197 446 2250 prospera
491 2180 785 2232 radiatione
830 2181 1105 2250 respiciat,
1160 2181 1206 2232 is
1257 2180 1348 2249 qui
1398 2183 1559 2232 natus
1599 2180 1762 2233 fuerit
1802 2198 1887 2232 ex-

191 2257 432 2323 ponetur.
511 2251 613 2307 Sed
654 2257 708 2307 et
748 2255 793 2306 si
832 2256 1083 2308 malivola
1114 2256 1269 2307 stella
1309 2255 1386 2307 sic
1416 2254 1647 2323 positam
1680 2253 1886 2307 Lunam

193 2329 405 2395 viderit,
445 2332 538 2380 aut
576 2328 773 2380 mortui
812 2332 1104 2382 nascuntur
1143 2331 1236 2381 aut
1281 2329 1395 2380 nati
1442 2329 1818 2381 lacerabuntur
1858 2347 1888 2380 a

125 2419 167 2452 so
193 2403 426 2455 canibus.
506 2400 563 2454 Si
611 2420 793 2455 omnes
840 2405 1024 2455 stellae
1072 2421 1191 2455 cum
1232 2401 1355 2455 Sole
1402 2407 1455 2455 et
1494 2402 1646 2454 Luna
1697 2402 1752 2453 in
1791 2400 1881 2454 VI.
1904 2401 1973 2453 14

193 2480 286 2529 aut
332 2477 387 2528 in
434 2475 550 2529 XII.
592 2476 656 2528 ab
704 2476 1003 2545 horoscopo
1051 2477 1170 2530 loco
1227 2476 1428 2528 fuerint
1475 2478 1786 2539 collocatae,
1842 2476 1887 2527 is

312 2598 336 2636 2
369 2591 584 2648 partibus
615 2606 727 2636 corr.
763 2606 787 2635 σ
910 2598 935 2635 3
969 2592 1026 2637 de
1055 2595 1190 2651 prius
1215 2593 1321 2637 add.
1348 2609 1375 2635 a
1408 2594 1486 2636 alt.
1513 2594 1536 2644 ζ
1656 2598 1679 2634 5
1715 2591 1887 2634 consti-

191 2652 283 2695 tuti
317 2667 398 2696 om.
425 2655 503 2693 AB
627 2655 651 2694 6
684 2651 920 2707 partiliter
947 2654 994 2695 Γ
1110 2656 1133 2694 7
1167 2653 1330 2696 horam
1359 2652 1427 2709 Γ]
1459 2651 1768 2706 horoscopum
1801 2652 1840 2693 Δ
1879 2651 1883 2708 Ι

191 2712 525 2814 ἒῗῖἓὲῗΐὲιζέ
557 2710 1247 2825 ...1122¹3?1}{³qzld{;”2.d11.
1262 2715 1317 2813 ‘⁶2¹1'
1348 2710 1827 2826 ffitnff³st21¹122135‘32->

195 2834 250 2873 25
284 2829 527 2887 synodica]
561 2829 600 2871 si
624 2842 716 2872 non
742 2828 917 2872 dictam
941 2833 1020 2871 BG
1141 2833 1196 2872 28
1229 2828 1433 2885 positam
1459 2829 1516 2885 N]
1550 2827 1704 2883 posita
1747 2830 1751 2883 Ι
1799 2828 1886 2870 Lu-

194 2890 324 2946 nam]
358 2889 515 2932 lumen
540 2891 619 2930 AB
663 2891 668 2943 Ι
710 2887 883 2932 viderit
914 2887 1093 2931 Lunam
1126 2892 1151 2941 ζ
1270 2893 1325 2932 30
1357 2887 1432 2930 VI.
1459 2887 1560 2930 loco
1589 2889 1635 2930 Γ
1751 2891 1803 2929 31
1838 2887 1887 2929 111

197 2961 279 2992 om.
307 2950 345 2991 Δ
399 2950 403 3003 Ι
453 2947 549 2991 XII.
576 2946 678 2990 loco
705 2949 787 2989 aut
809 2947 985 2991 horosc.
1013 2947 1114 2991 loco
1139 2953 1174 2989 D
1225 2950 1230 3002 Ι
1280 2946 1422 2990 fuerit
1446 2947 1635 2989 inventa
1660 2950 1738 2987 AB
