2038 3162
541 188 850 234 APPENDIX
879 187 1334 234 PRAEFATIONIS.
1598 189 1790 233 XXXIX

94 323 158 369 29
175 336 194 368 1
219 323 419 368 Romani
441 337 541 379 om.‚
571 323 761 367 nomine
785 324 893 368 add.
920 324 992 380 (=
1007 322 1077 378 A‘)
1130 335 1154 366 4
1175 322 1380 379 perfidus
1405 324 1479 379 (=
1496 322 1566 379 A')
1621 335 1641 368 5
1666 336 1789 366 cras-

0 365 6 398 s
95 385 251 427 satum
281 385 354 438 (=
370 385 422 440 P)
498 396 519 428 6
550 383 750 426 Marium
818 395 861 427 10
893 385 1173 438 auratasque
1243 396 1283 426 11
1315 396 1402 426 nec
1433 382 1473 426 si
1503 382 1789 426 minturnen-

95 442 222 486 sibus
284 454 327 487 15
350 441 519 499 paulus
547 444 553 499 Ι
580 442 720 486 militi
736 442 885 486 Mario
903 457 986 487 om.
1051 455 1093 487 16
1117 442 1314 485 Romum
1341 441 1582 486 deferebat
1642 454 1684 486 19
1707 456 1788 498 po-

94 503 308 547 testatem
369 513 412 546 2ο
443 502 543 560 [ad]
575 502 666 546 isto
693 515 903 546 sermone
927 504 1001 558 (=
1019 500 1088 556 A')
1151 513 1194 546 23
1227 501 1398 556 syriam
1428 501 1790 557 bithyniamque

0 565 6 623 f
93 550 196 605 302
226 560 444 605 miseram
476 563 550 618 (=
568 562 637 617 A')
700 574 719 605 ἰ
750 561 932 606 romani
962 560 1274 617 protegebant
1334 573 1375 605 1‘1
1408 561 1582 604 exitum
1644 572 1686 605 29
1718 563 1789 604 at-

95 620 204 678 que]
237 633 292 663 ac
352 619 412 664 31
434 633 452 664 1
485 620 838 678 comprobamus
898 634 922 665 4
945 634 1000 665 ac
1030 622 1231 679 yemi‘nat
1292 632 1312 664 5
1337 626 1378 664 et
1401 633 1422 664 8
1453 619 1789 664 himarmenem

0 693 4 740 [
93 692 113 724 6
144 680 220 723 lic.
245 678 459 724 tribuunt
486 682 492 736 Ι
520 680 753 735 quaedam
778 683 936 725 contra
958 679 1194 724 hominem
1225 679 1300 723 lex
1382 691 1402 724 9
1435 681 1787 735 ceterorumque

95 752 137 784 10
175 739 366 796 coniugi
408 741 462 783 ut
552 751 594 784 18
632 740 854 797 temporis
896 739 1157 783 referantur
1247 751 1289 783 16
1328 738 1491 783 fatalis
1535 739 1637 783 sciti
1681 738 1787 796 lege

93 811 134 843 19
169 797 407 842 voluntate
447 811 547 843 9999
585 812 681 855 pos.
726 813 781 843 ac
811 801 905 856 pot.
999 811 1041 843 22
1082 797 1359 842 confiteatur
1391 797 1574 854 aliquid
1614 802 1621 855 1
1660 798 1790 842 dicat

93 871 136 902 24
167 857 263 902 9919
287 871 370 902 om.
418 858 761 915 praeiudicaret
837 857 900 903 32
918 871 938 903 9
971 859 1153 917 statuit]
1184 858 1327 901 tradit
1388 869 1431 902 10
1463 858 1582 901 alius
1645 871 1688 902 14
1719 860 1788 901 in-

0 931 2 935 ’
91 919 277 961 matura
300 931 383 962 om.
447 930 502 962 16.
530 930 584 962 20.
612 930 653 962 25
678 918 819 962 etiam
882 930 924 963 19
948 917 1028 961 ille
1051 932 1170 974 puer
1191 917 1273 961 ille
1335 929 1376 961 21
1410 917 1600 962 dicebas
1627 919 1699 973 (=
1717 916 1787 975 A‘)

93 988 134 1021 25
165 975 402 1033 voluptate
478 989 520 1021 26
552 976 694 1034 longa
734 991 789 1021 ac
827 978 1042 1022 taediosa
1118 989 1159 1022 27
1191 976 1326 1020 illum
1358 990 1442 1022 om.
1520 989 1562 1021 28
1593 977 1788 1034 paulum

92 1035 192 1080 332
230 1035 462 1094 undique!
529 1038 600 1080 est
638 1051 722 1081 om.
809 1049 827 1081 ⁷
859 1037 1170 1081 confidentem
1254 1049 1275 1081 8
1313 1035 1611 1092 periniquum
1643 1038 1716 1094 (=
1736 1038 1786 1093 Q)

91 1108 111 1140 9
134 1095 382 1164 refutetur]
407 1095 583 1139 vitetur
609 1099 615 1152 1
642 1096 965 1152 praecedentis
1028 1109 1070 1140 12
1095 1095 1236 1154 Quid]
1262 1094 1503 1148 Quaedam
1565 1108 1606 1140 16
1638 1096 1789 1152 perci-

89 1155 208 1212 pitia
284 1167 327 1199 22
357 1154 568 1213 illaesus]
601 1155 683 1199 ille
713 1156 866 1199 iussus
941 1168 982 1200 23
1014 1156 1135 1199 ictus
1166 1155 1330 1213 venas]
1363 1154 1579 1199 omnibus
1612 1168 1789 1200 venena

94 1214 387 1273 {varietatem
410 1214 544 1258 nobis
615 1227 657 1259 25
689 1214 830 1274 Η199]
857 1215 976 1259 Huic
1060 1213 1124 1258 34
1142 1227 1161 1258 1
1191 1214 1386 1259 rationis
1448 1227 1469 1259 8
1501 1214 1570 1258 De
1596 1214 1788 1259 diversi-

89 1275 185 1318 tate
218 1274 385 1318 coloris
417 1274 466 1317 in
491 1274 762 1330 corporibus
786 1275 1028 1319 hominum
1053 1275 1308 1318 secundum
1334 1274 1655 1319 diversitatem
1680 1289 1788 1331 pro-

90 1333 346 1378 vinciarum
422 1345 443 1378 9
475 1333 706 1391 explicitis
741 1337 747 1392 Ι
782 1334 894 1378 fatis
971 1347 1014 1379 13
1046 1334 1292 1378 omnifaria
1324 1333 1471 1377 mixta
1547 1346 1589 1379 19
1622 1347 1787 1378 causas

89 1393 286 1449 requirit
353 1405 394 1437 21
428 1407 533 1436 99111
565 1408 649 1438 om.
721 1406 763 1438 23
795 1396 1064 1449 ceterasque
1140 1393 1203 1437 35
1222 1406 1241 1438 3
1272 1393 1487 1449 letusque
1546 1406 1570 1437 4
1601 1393 1787 1437 acribus

90 1465 274 1509 semper
310 1452 495 1496 nivibus
595 1465 614 1497 5
655 1455 870 1497 concreta
914 1453 1057 1510 glatie
1158 1465 1199 1497 13
1239 1452 1458 1509 obliquus
1550 1464 1591 1497 15
1632 1455 1790 1497 errant

91 1524 132 1556 16
165 1513 228 1570 et]
260 1514 314 1556 ut
346 1512 407 1556 ad
439 1514 513 1569 (=
531 1512 600 1569 A‘)
670 1525 712 1557 18
744 1513 966 1557 succedat
997 1516 1069 1570 (=
1087 1511 1157 1569 A')
1219 1524 1261 1557 19
1293 1513 1476 1556 iactura
1549 1524 1591 1556 20
1621 1526 1786 1570 proge-

89 1574 234 1626 nerat,
266 1573 422 1616 tamen
485 1584 528 1616 24
558 1571 748 1629 ignibus
812 1585 854 1617 25
887 1573 963 1630 ex]
997 1575 1065 1616 est
1126 1585 1169 1617 26
1201 1574 1270 1615 est
1301 1585 1385 1616 om.
1478 1571 1540 1615 36
1558 1584 1579 1615 4
1610 1572 1786 1616 nitores

90 1630 270 1675 faciunt
292 1630 503 1676 homines
558 1644 600 1676 1ο
625 1646 724 1675 9999
749 1631 924 1689 singuli
938 1636 1011 1688 (=
1024 1630 1090 1687 A')
1154 1645 1195 1675 11
1219 1630 1477 1676 lineatione
1502 1633 1789 1689 cognoscant

91 1703 133 1734 14
169 1692 425 1747 potestates
465 1691 726 1735 asscribant
800 1703 840 1735 1‘1
882 1704 1032 1747 aequa
1109 1703 1151 1735 18
1190 1704 1398 1734 sororum
1475 1703 1518 1735 2ο
1559 1691 1787 1736 contracti

88 1749 371 1806 inpudicitia
411 1749 555 1794 alieni
599 1750 755 1794 uxoris
793 1764 983 1794 uxorem
1061 1763 1102 1794 21
1136 1750 1316 1794 erratici
1352 1752 1469 1794 cont.
1505 1750 1788 1796 conflutione

89 1821 133 1853 24
165 1809 391 1853 obstinati
453 1822 495 1854 25
519 1809 627 1868 9191]
655 1809 759 1854 Atsi
821 1822 862 1854 27
896 1809 1157 1867 composita
1184 1811 1190 1867 Ι
1218 1810 1479 1854 rationibus
1550 1822 1593 1854 29
1625 1811 1787 1854 adum-

89 1868 303 1912 bratione
347 1869 604 1925 sordescet,
648 1869 775 1913 illius
898 1869 956 1914 37
979 1883 999 1914 6
1039 1869 1181 1914 obesa
1222 1883 1305 1914 om.
1412 1882 1452 1913 11
1491 1869 1654 1928 immo]
1696 1882 1786 1913 uno

91 1941 130 1972 12
156 1927 303 1997 <019>
322 1942 480 1972 019999
508 1929 514 1987 Ι
541 1929 829 1985 proferentes
892 1942 935 1973 14
960 1932 1005 1973 et
1027 1943 1110 1973 om.
1167 1929 1478 1987 quacumque]
1504 1930 1786 1985 quandoque

90 1999 132 2031 18
163 1987 377 2044 pluribus
440 2000 482 2032 19
512 1989 626 2047 909]
650 2003 735 2033 999
797 2001 839 2033 29
865 1989 1101 2046 dominus]
1127 1987 1271 2032 Divus
1333 2001 1375 2033 26
1407 1989 1480 2046 ac]
1507 1990 1555 2032 et
1614 2001 1655 2033 21
1681 1989 1785 2045 1(9)-

89 2046 485 2091 moderationibus
554 2060 596 2092 29
628 2047 868 2105 propiciae
938 2061 980 2093 29
1012 2048 1187 2106 199919]
1221 2047 1439 2104 spiritum
1500 2060 1542 2092 81
1576 2062 1666 2104 que
1699 2062 1784 2093 om.

89 2105 150 2150 38
170 2119 185 2150 1
220 2121 293 2150 res
319 2121 403 2152 om.
466 2118 487 2150 5
513 2109 839 2163 argumentum
867 2110 873 2164 Ι
900 2106 1220 2151 moderatione
1251 2106 1602 2165 gubernationis
1664 2119 1684 2151 8
1717 2108 1788 2150 at-

90 2166 200 2234 que]
226 2179 281 2209 ac
342 2179 362 2210 9
393 2165 777 2210 flammiferatum
840 2181 880 2211 11
912 2166 1183 2224 regionibus
1210 2165 1330 2210 caeli
1394 2179 1435 2211 12
1465 2170 1595 2210 recta
1658 2179 1700 2211 14
1730 2166 1786 2210 li-

88 2224 322 2283 vedinem]
362 2224 540 2268 ibidem
625 2237 665 2270 15
703 2226 970 2282 91ον9119119
1057 2238 1098 2270 18
1138 2226 1219 2270 sed
1258 2225 1447 2270 fecundi
1533 2238 1574 2270 19
1613 2225 1662 2269 in
1700 2240 1783 2270 om.

89 2296 133 2329 2ο
163 2284 375 2328 retineris
411 2286 417 2341 Ι
452 2284 519 2328 fili
551 2284 745 2329 comites
777 2285 888 2329 solis
967 2297 1008 2329 2ο
1041 2285 1140 2329 9199
1218 2297 1259 2330 23
1292 2298 1500 2329 cesareos
1577 2298 1621 2330 24
1652 2286 1786 2330 01199-

89 2345 260 2399 quente
288 2346 294 2399 Ι
323 2344 622 2388 decernentes
684 2356 726 2389 25
750 2348 957 2401 posteros
973 2347 1154 2388 nostros
1174 2350 1334 2401 postea
1350 2350 1573 2401 t'ranspos.
1638 2357 1680 2389 26
1703 2359 1786 2401 po-

87 2402 197 2446 teris
274 2415 317 2447 28
356 2416 410 2447 ac
454 2406 704 2460 perpetuae
746 2418 830 2448 om.
909 2417 952 2449 30
993 2404 1287 2448 substantiae
1378 2403 1479 2448 392
1520 2404 1786 2460 sapientum

89 2474 108 2505 9
148 2462 403 2506 sentiarum
485 2476 508 2507 4
546 2462 662 2520 Nec]
704 2463 831 2507 Haec
915 2475 934 2508 5
975 2463 1200 2507 discutias
1286 2476 1304 2507 ‘1
1338 2463 1518 2507 LIBER
1556 2463 1783 2507 PRIMVS

89 2520 362 2565 EXPLICIT
506 2519 607 2566 401
650 2522 784 2566 liber.
821 2523 877 2567 ΙΙ.
933 2523 1171 2567 Institutio
1220 2523 1541 2567 astronomica.
1605 2522 1786 2566 LIBER,

90 2579 404 2624 SECVNDVS
435 2580 655 2626 INCIPIT
725 2595 744 2626 2
777 2597 860 2627 om.
931 2595 950 2626 3
984 2582 1148 2626 eadem
1217 2596 1238 2626 8
1270 2583 1439 2626 Fronte
1472 2582 1595 2627 enim
1627 2584 1785 2627 nostre

90 2652 130 2682 10
162 2639 383 2695 profectis
445 2653 487 2684 14
518 2643 757 2685 mutuatus
787 2645 860 2698 (=
879 2641 948 2698 A')
1012 2654 1053 2686 16
1085 2641 1367 2685 intentatum
1429 2654 1470 2685 11
1503 2641 1605 2697 1999
1638 2642 1782 2685 etiam

89 2710 131 2741 20
164 2712 374 2743 sermone
447 2712 486 2743 21
520 2700 810 2755 pedetentim
901 2699 960 2744 41
984 2714 1002 2744 1
1036 2700 1338 2744 divinationis
1414 2714 1452 2744 11
1487 2700 1783 2745 Ptolemaeus

88 2757 319 2813 posterior
380 2770 421 2803 15
453 2759 604 2803 mittit
630 2762 636 2810 Ι
665 2762 713 2803 et
744 2774 827 2805 om.
898 2772 939 2804 16
970 2759 1270 2803 monimentis
1334 2773 1374 2804 17
1407 2760 1596 2804 interim
1622 2760 1782 2815 itaque

89 2829 130 2861 18
163 2817 379 2873 deposita
456 2830 497 2863 19
528 2818 596 2862 De
629 2818 828 2863 Zodiaco
907 2831 948 2863 22
980 2821 1257 2874 torquentur
1290 2824 1362 2876 (=
1379 2822 1434 2876 V)
1513 2831 1555 2863 25
1589 2818 1780 2875 Scorpio

93 2876 159 2931 {et
181 2890 265 2920 om.
328 2874 420 2920 423
446 2876 598 2933 Queq3
629 2878 807 2922 habent
830 2877 965 2935 signa
988 2878 1106 2921 haec
1122 2878 1195 2921 vel
1221 2877 1460 2922 domicilia
1523 2891 1564 2922 10
1588 2878 1780 2922 Phenon

90 2948 130 2978 11
163 2934 472 2979 Phaetontem
503 2939 576 2994 (cf.
595 2939 649 2993 V)
728 2950 768 2981 18
799 2937 1091 2994 phosphoros
1169 2950 1212 2981 14
1244 2937 1362 2980 Solis
1395 2937 1486 2981 Leo
1564 2949 1605 2981 16
1638 2951 1778 2993 quam

90 2995 200 3052 apte
231 3007 371 3051 quam
412 2994 690 3041 absconsum
729 3009 870 3052 quam
909 2998 1139 3042 secretum
1179 2997 1434 3041 secundum
1475 2998 1691 3040 naturam
1724 2998 1778 3039 ut
