<?xml version="1.0" encoding="UTF-8"?>
<!DOCTYPE html PUBLIC "-//W3C//DTD XHTML 1.0 Transitional//EN"
    "http://www.w3.org/TR/xhtml1/DTD/xhtml1-transitional.dtd">
<html xmlns="http://www.w3.org/1999/xhtml" xml:lang="en" lang="en">
 <head>
  <title>
</title>
<meta http-equiv="Content-Type" content="text/html;charset=utf-8" />
  <meta name='ocr-system' content='tesseract 3.04.00' />
  <meta name='ocr-capabilities' content='ocr_page ocr_carea ocr_par ocr_line ocrx_word'/>
</head>
<body>
  <div class='ocr_page' id='page_1' title='image "./matheseoslibrivi02firmuoft_0281.png"; bbox 0 0 2100 3186; ppageno 0'>
   <div class='ocr_carea' id='block_1_1' title="bbox 769 112 1819 170">
    <p class='ocr_par' dir='ltr' id='par_1_1' title="bbox 769 112 1819 170">
     <span class='ocr_line' id='line_1_1' title="bbox 769 112 1819 170; baseline 0.007 -12"><span class='ocrx_word' id='word_1_1' title='bbox 769 114 832 158; x_wconf 87' lang='lat' dir='ltr'><strong>VI</strong></span> <span class='ocrx_word' id='word_1_2' title='bbox 864 118 936 170; x_wconf 84' lang='lat'><strong>39,</strong></span> <span class='ocrx_word' id='word_1_3' title='bbox 960 118 1114 169; x_wconf 84' lang='lat'>5—40‚</span> <span class='ocrx_word' id='word_1_4' title='bbox 1137 127 1173 159; x_wconf 78' lang='lat'><strong>4.</strong></span> <span class='ocrx_word' id='word_1_5' title='bbox 1711 112 1819 165; x_wconf 80' lang='lat'><strong>207</strong></span> 
     </span>
    </p>
   </div>
   <div class='ocr_carea' id='block_1_2' title="bbox 80 233 1878 896">
    <p class='ocr_par' dir='ltr' id='par_1_2' title="bbox 127 233 1823 526">
     <span class='ocr_line' id='line_1_2' title="bbox 129 233 1822 305; baseline -0.002 -17"><span class='ocrx_word' id='word_1_6' title='bbox 129 235 304 305; x_wconf 88' lang='lat' dir='ltr'><strong>operis</strong></span> <span class='ocrx_word' id='word_1_7' title='bbox 338 234 635 304; x_wconf 79' lang='lat' dir='ltr'><strong>disciplina,</strong></span> <span class='ocrx_word' id='word_1_8' title='bbox 666 252 764 288; x_wconf 91' lang='lat' dir='ltr'><strong>nec</strong></span> <span class='ocrx_word' id='word_1_9' title='bbox 794 238 876 288; x_wconf 91' lang='lat' dir='ltr'><strong>est</strong></span> <span class='ocrx_word' id='word_1_10' title='bbox 907 235 1080 288; x_wconf 88' lang='lat' dir='ltr'><strong>adhuc</strong></span> <span class='ocrx_word' id='word_1_11' title='bbox 1104 233 1308 304; x_wconf 87' lang='lat' dir='ltr'><strong>aliquid</strong></span> <span class='ocrx_word' id='word_1_12' title='bbox 1333 234 1477 302; x_wconf 89' lang='lat' dir='ltr'><strong>quod</strong></span> <span class='ocrx_word' id='word_1_13' title='bbox 1500 233 1822 303; x_wconf 90' lang='lat' dir='ltr'><strong>requiratur.</strong></span> 
     </span>
     <span class='ocr_line' id='line_1_3' title="bbox 128 307 1823 376; baseline -0.002 -13"><span class='ocrx_word' id='word_1_14' title='bbox 128 308 323 363; x_wconf 90' lang='lat' dir='ltr'><strong>Omnia</strong></span> <span class='ocrx_word' id='word_1_15' title='bbox 373 311 513 362; x_wconf 88' lang='lat' dir='ltr'><strong>enim</strong></span> <span class='ocrx_word' id='word_1_16' title='bbox 554 308 749 376; x_wconf 87' lang='lat' dir='ltr'><strong>quibus</strong></span> <span class='ocrx_word' id='word_1_17' title='bbox 787 309 945 362; x_wconf 88' lang='lat' dir='ltr'><strong>rudes</strong></span> <span class='ocrx_word' id='word_1_18' title='bbox 985 309 1193 361; x_wconf 87' lang='lat' dir='ltr'><strong>animos</strong></span> <span class='ocrx_word' id='word_1_19' title='bbox 1231 308 1513 361; x_wconf 72' lang='lat' dir='ltr'><strong>instituere</strong></span> <span class='ocrx_word' id='word_1_20' title='bbox 1552 307 1823 376; x_wconf 79' lang='lat' dir='ltr'><strong>debemus,</strong></span> 
     </span>
     <span class='ocr_line' id='line_1_4' title="bbox 127 381 1822 452; baseline -0.002 -16"><span class='ocrx_word' id='word_1_21' title='bbox 127 384 288 436; x_wconf 85' lang='lat' dir='ltr'><strong>docili</strong></span> <span class='ocrx_word' id='word_1_22' title='bbox 343 401 586 436; x_wconf 81' lang='lat' dir='ltr'>sermone</span> <span class='ocrx_word' id='word_1_23' title='bbox 641 383 1018 436; x_wconf 85' lang='lat' dir='ltr'><strong>enarravimus.</strong></span> <span class='ocrx_word' id='word_1_24' title='bbox 1096 382 1238 452; x_wconf 90' lang='lat' dir='ltr'><strong>[qui]</strong></span> <span class='ocrx_word' id='word_1_25' title='bbox 1285 381 1445 436; x_wconf 88' lang='lat' dir='ltr'><strong>Nunc</strong></span> <span class='ocrx_word' id='word_1_26' title='bbox 1492 382 1586 451; x_wconf 91' lang='lat' dir='ltr'><strong>qui</strong></span> <span class='ocrx_word' id='word_1_27' title='bbox 1632 381 1822 451; x_wconf 90' lang='lat' dir='ltr'><strong>primis</strong></span> 
     </span>
     <span class='ocr_line' id='line_1_5' title="bbox 128 456 1822 526; baseline -0.001 -16"><span class='ocrx_word' id='word_1_28' title='bbox 128 457 464 512; x_wconf 82' lang='lat' dir='ltr'><strong>caerimoniis</strong></span> <span class='ocrx_word' id='word_1_29' title='bbox 510 457 711 510; x_wconf 88' lang='lat' dir='ltr'><strong>initiati</strong></span> <span class='ocrx_word' id='word_1_30' title='bbox 757 457 823 509; x_wconf 87' lang='lat' dir='ltr'><strong>ad</strong></span> <span class='ocrx_word' id='word_1_31' title='bbox 862 457 1039 526; x_wconf 91' lang='lat' dir='ltr'><strong>ipsum</strong></span> <span class='ocrx_word' id='word_1_32' title='bbox 1079 459 1407 511; x_wconf 88' lang='lat' dir='ltr'><strong>secretorum</strong></span> <span class='ocrx_word' id='word_1_33' title='bbox 1445 456 1613 509; x_wconf 90' lang='lat' dir='ltr'><strong>limen</strong></span> <span class='ocrx_word' id='word_1_34' title='bbox 1651 473 1822 509; x_wconf 87' lang='lat' dir='ltr'><strong>acces-</strong></span> 
     </span>
    </p>

    <p class='ocr_par' dir='ltr' id='par_1_3' title="bbox 80 530 1822 748">
     <span class='ocr_line' id='line_1_6' title="bbox 80 530 1822 600; baseline -0.002 -15"><span class='ocrx_word' id='word_1_35' title='bbox 80 553 100 586; x_wconf 76' lang='grc'>5</span> <span class='ocrx_word' id='word_1_36' title='bbox 127 532 317 600; x_wconf 83' lang='lat' dir='ltr'><strong>simus,</strong></span> <span class='ocrx_word' id='word_1_37' title='bbox 364 531 570 584; x_wconf 87' lang='lat' dir='ltr'><strong>intento</strong></span> <span class='ocrx_word' id='word_1_38' title='bbox 619 531 796 584; x_wconf 87' lang='lat' dir='ltr'><strong>animo</strong></span> <span class='ocrx_word' id='word_1_39' title='bbox 845 531 1052 599; x_wconf 90' lang='lat' dir='ltr'><strong>reliqua</strong></span> <span class='ocrx_word' id='word_1_40' title='bbox 1099 530 1353 584; x_wconf 85' lang='lat' dir='ltr'><strong>debemus</strong></span> <span class='ocrx_word' id='word_1_41' title='bbox 1400 531 1605 600; x_wconf 84' lang='lat' dir='ltr'><strong>audire,</strong></span> <span class='ocrx_word' id='word_1_42' title='bbox 1650 548 1718 582; x_wconf 93' lang='lat' dir='ltr'><strong>ne</strong></span> <span class='ocrx_word' id='word_1_43' title='bbox 1765 531 1822 582; x_wconf 87' lang='lat' dir='ltr'><strong>in</strong></span> 
     </span>
     <span class='ocr_line' id='line_1_7' title="bbox 124 604 1822 674; baseline -0.002 -15"><span class='ocrx_word' id='word_1_44' title='bbox 124 605 342 658; x_wconf 84' lang='lat' dir='ltr'><strong>fastidio</strong></span> <span class='ocrx_word' id='word_1_45' title='bbox 391 605 611 657; x_wconf 88' lang='lat' dir='ltr'><strong>auribus</strong></span> <span class='ocrx_word' id='word_1_46' title='bbox 658 605 969 658; x_wconf 87' lang='lat' dir='ltr'><strong>constitutis</strong></span> <span class='ocrx_word' id='word_1_47' title='bbox 1016 608 1070 657; x_wconf 92' lang='lat' dir='ltr'><strong>et</strong></span> <span class='ocrx_word' id='word_1_48' title='bbox 1108 605 1212 657; x_wconf 91' lang='lat' dir='ltr'><strong>ista</strong></span> <span class='ocrx_word' id='word_1_49' title='bbox 1249 605 1624 674; x_wconf 80' lang='lat' dir='ltr'><strong>respuentibus</strong></span> <span class='ocrx_word' id='word_1_50' title='bbox 1665 604 1822 672; x_wconf 81' lang='lat' dir='ltr'><strong>dicta,</strong></span> 
     </span>
     <span class='ocr_line' id='line_1_8' title="bbox 126 678 1819 748; baseline -0.001 -16"><span class='ocrx_word' id='word_1_51' title='bbox 126 680 419 732; x_wconf 87' lang='lat' dir='ltr'><strong>errantium</strong></span> <span class='ocrx_word' id='word_1_52' title='bbox 450 681 778 732; x_wconf 80' lang='lat' dir='ltr'><strong>tractatuum</strong></span> <span class='ocrx_word' id='word_1_53' title='bbox 810 679 1141 748; x_wconf 78' lang='lat' dir='ltr'><strong>†pereuntes</strong></span> <span class='ocrx_word' id='word_1_54' title='bbox 1174 678 1465 732; x_wconf 88' lang='lat' dir='ltr'><strong>sententias</strong></span> <span class='ocrx_word' id='word_1_55' title='bbox 1498 679 1819 748; x_wconf 83' lang='lat' dir='ltr'><strong>ingeramus,</strong></span> 
     </span>
    </p>

    <p class='ocr_par' dir='ltr' id='par_1_4' title="bbox 240 752 1878 822">
     <span class='ocr_line' id='line_1_9' title="bbox 240 752 1878 822; baseline -0.001 -16"><span class='ocrx_word' id='word_1_56' title='bbox 240 752 501 822; x_wconf 84' lang='lat' dir='ltr'><strong>Conpleto</strong></span> <span class='ocrx_word' id='word_1_57' title='bbox 541 753 722 822; x_wconf 90' lang='lat' dir='ltr'><strong>itaque</strong></span> <span class='ocrx_word' id='word_1_58' title='bbox 763 757 913 807; x_wconf 85' lang='lat' dir='ltr'><strong>sexto</strong></span> <span class='ocrx_word' id='word_1_59' title='bbox 953 753 1094 806; x_wconf 88' lang='lat' dir='ltr'><strong>libro</strong></span> <span class='ocrx_word' id='word_1_60' title='bbox 1136 771 1293 806; x_wconf 91' lang='lat' dir='ltr'><strong>omne</strong></span> <span class='ocrx_word' id='word_1_61' title='bbox 1333 752 1542 806; x_wconf 89' lang='lat' dir='ltr'><strong>dicendi</strong></span> <span class='ocrx_word' id='word_1_62' title='bbox 1583 752 1878 805; x_wconf 84' lang='lat' dir='ltr'><strong>studium4</strong></span> 
     </span>
    </p>

    <p class='ocr_par' dir='ltr' id='par_1_5' title="bbox 125 827 1258 896">
     <span class='ocr_line' id='line_1_10' title="bbox 125 827 1258 896; baseline -0.001 -16"><span class='ocrx_word' id='word_1_63' title='bbox 125 828 193 880; x_wconf 90' lang='lat' dir='ltr'><strong>ad</strong></span> <span class='ocrx_word' id='word_1_64' title='bbox 233 830 436 880; x_wconf 89' lang='lat' dir='ltr'><strong>secreta</strong></span> <span class='ocrx_word' id='word_1_65' title='bbox 473 827 596 880; x_wconf 87' lang='lat' dir='ltr'><strong>libri</strong></span> <span class='ocrx_word' id='word_1_66' title='bbox 639 827 855 896; x_wconf 88' lang='lat' dir='ltr'><strong>septimi</strong></span> <span class='ocrx_word' id='word_1_67' title='bbox 893 827 1258 880; x_wconf 87' lang='lat' dir='ltr'><strong>transferetur.</strong></span> 
     </span>
    </p>
   </div>
   <div class='ocr_carea' id='block_1_3' title="bbox 123 986 1825 1284">
    <p class='ocr_par' dir='ltr' id='par_1_6' title="bbox 123 986 1825 1284">
     <span class='ocr_line' id='line_1_11' title="bbox 245 986 1821 1045; baseline -0.001 -13"><span class='ocrx_word' id='word_1_68' title='bbox 245 993 268 1032; x_wconf 92' lang='lat'>1</span> <span class='ocrx_word' id='word_1_69' title='bbox 303 987 455 1031; x_wconf 87' lang='lat' dir='ltr'><strong>adhoc</strong></span> <span class='ocrx_word' id='word_1_70' title='bbox 486 990 526 1032; x_wconf 90' lang='grc' dir='ltr'><em>Δ</em></span> <span class='ocrx_word' id='word_1_71' title='bbox 694 993 720 1031; x_wconf 91' lang='grc'><strong>3</strong></span> <span class='ocrx_word' id='word_1_72' title='bbox 751 987 1043 1032; x_wconf 84' lang='lat' dir='ltr'><strong>narravimus</strong></span> <span class='ocrx_word' id='word_1_73' title='bbox 1075 991 1101 1042; x_wconf 83' lang='grc' dir='ltr'><em>ζ</em></span> <span class='ocrx_word' id='word_1_74' title='bbox 1153 990 1160 1045; x_wconf 85' lang='grc' dir='ltr'>Ι</span> <span class='ocrx_word' id='word_1_75' title='bbox 1225 988 1308 1043; x_wconf 90' lang='lat' dir='ltr'><strong>qui</strong></span> <span class='ocrx_word' id='word_1_76' title='bbox 1339 989 1422 1033; x_wconf 83' lang='lat' dir='ltr'><strong>del.</strong></span> <span class='ocrx_word' id='word_1_77' title='bbox 1456 989 1481 1041; x_wconf 83' lang='grc' dir='ltr'><em>ζ</em></span> <span class='ocrx_word' id='word_1_78' title='bbox 1521 987 1603 1032; x_wconf 90' lang='lat' dir='ltr'><strong>sed</strong></span> <span class='ocrx_word' id='word_1_79' title='bbox 1633 989 1701 1032; x_wconf 85' lang='lat' dir='ltr'><strong>vel</strong></span> <span class='ocrx_word' id='word_1_80' title='bbox 1730 986 1821 1030; x_wconf 84' lang='lat' dir='ltr'><strong>ita-</strong></span> 
     </span>
     <span class='ocr_line' id='line_1_12' title="bbox 125 1047 1821 1106; baseline 0 -16"><span class='ocrx_word' id='word_1_81' title='bbox 125 1061 215 1102; x_wconf 86' lang='lat' dir='ltr'><strong>que</strong></span> <span class='ocrx_word' id='word_1_82' title='bbox 247 1060 272 1091; x_wconf 85' lang='grc' dir='ltr'>σ</span> <span class='ocrx_word' id='word_1_83' title='bbox 328 1049 335 1104; x_wconf 83' lang='grc' dir='ltr'>Ι</span> <span class='ocrx_word' id='word_1_84' title='bbox 391 1061 515 1090; x_wconf 91' lang='lat' dir='ltr'><strong>nunc</strong></span> <span class='ocrx_word' id='word_1_85' title='bbox 550 1047 618 1106; x_wconf 90' lang='grc' dir='ltr'><strong>Γ]</strong></span> <span class='ocrx_word' id='word_1_86' title='bbox 662 1048 801 1091; x_wconf 87' lang='lat' dir='ltr'><strong>modo</strong></span> <span class='ocrx_word' id='word_1_87' title='bbox 832 1052 871 1090; x_wconf 79' lang='lat' dir='ltr'>N</span> <span class='ocrx_word' id='word_1_88' title='bbox 911 1053 982 1091; x_wconf 73' lang='lat' dir='ltr'><strong>n—is</strong></span> <span class='ocrx_word' id='word_1_89' title='bbox 1007 1053 1043 1091; x_wconf 82' lang='grc' dir='ltr'><strong>Ι)</strong></span> <span class='ocrx_word' id='word_1_90' title='bbox 1100 1050 1106 1104; x_wconf 88' lang='grc'>1</span> <span class='ocrx_word' id='word_1_91' title='bbox 1165 1048 1263 1106; x_wconf 88' lang='lat' dir='ltr'><strong>qui]</strong></span> <span class='ocrx_word' id='word_1_92' title='bbox 1308 1047 1420 1104; x_wconf 88' lang='lat' dir='ltr'><strong>quia</strong></span> <span class='ocrx_word' id='word_1_93' title='bbox 1451 1061 1515 1091; x_wconf 78' lang='grc' dir='ltr'><strong>κσ</strong></span> <span class='ocrx_word' id='word_1_94' title='bbox 1571 1049 1577 1105; x_wconf 86' lang='grc' dir='ltr'>Ι</span> <span class='ocrx_word' id='word_1_95' title='bbox 1643 1047 1821 1104; x_wconf 89' lang='lat' dir='ltr'><strong>primus</strong></span> 
     </span>
     <span class='ocr_line' id='line_1_13' title="bbox 125 1106 1822 1164; baseline 0 -15"><span class='ocrx_word' id='word_1_96' title='bbox 125 1106 419 1151; x_wconf 82' lang='lat' dir='ltr'><strong>caerimoniis</strong></span> <span class='ocrx_word' id='word_1_97' title='bbox 450 1106 591 1150; x_wconf 87' lang='lat' dir='ltr'><strong>initia</strong></span> <span class='ocrx_word' id='word_1_98' title='bbox 621 1121 735 1151; x_wconf 78' lang='lat' dir='ltr'><strong>corr.</strong></span> <span class='ocrx_word' id='word_1_99' title='bbox 768 1107 832 1151; x_wconf 66' lang='grc' dir='ltr'><strong>ιἰσ</strong></span> <span class='ocrx_word' id='word_1_100' title='bbox 951 1112 979 1150; x_wconf 86' lang='grc'>4</span> <span class='ocrx_word' id='word_1_101' title='bbox 1010 1107 1151 1164; x_wconf 87' lang='lat' dir='ltr'><strong>ipsud</strong></span> <span class='ocrx_word' id='word_1_102' title='bbox 1178 1109 1225 1151; x_wconf 92' lang='grc' dir='ltr'>Γ</span> <span class='ocrx_word' id='word_1_103' title='bbox 1268 1109 1273 1164; x_wconf 90' lang='grc' dir='ltr'>Ι</span> <span class='ocrx_word' id='word_1_104' title='bbox 1323 1107 1481 1151; x_wconf 89' lang='lat' dir='ltr'><strong>lumen</strong></span> <span class='ocrx_word' id='word_1_105' title='bbox 1505 1109 1545 1151; x_wconf 93' lang='grc' dir='ltr'><em>Δ</em></span> <span class='ocrx_word' id='word_1_106' title='bbox 1669 1111 1694 1150; x_wconf 88' lang='grc'><strong>6</strong></span> <span class='ocrx_word' id='word_1_107' title='bbox 1726 1119 1822 1150; x_wconf 89' lang='lat' dir='ltr'><strong>res-</strong></span> 
     </span>
     <span class='ocr_line' id='line_1_14' title="bbox 123 1166 1821 1225; baseline 0 -16"><span class='ocrx_word' id='word_1_108' title='bbox 123 1166 320 1222; x_wconf 89' lang='lat' dir='ltr'><strong>puentia</strong></span> <span class='ocrx_word' id='word_1_109' title='bbox 343 1169 383 1210; x_wconf 89' lang='grc' dir='ltr'><em>Δ</em></span> <span class='ocrx_word' id='word_1_110' title='bbox 509 1171 532 1209; x_wconf 83' lang='lat'><strong>7</strong></span> <span class='ocrx_word' id='word_1_111' title='bbox 565 1168 852 1210; x_wconf 83' lang='lat' dir='ltr'><strong>tractatuum</strong></span> <span class='ocrx_word' id='word_1_112' title='bbox 884 1167 931 1225; x_wconf 80' lang='lat' dir='ltr'><strong>a]</strong></span> <span class='ocrx_word' id='word_1_113' title='bbox 962 1169 1218 1211; x_wconf 87' lang='lat' dir='ltr'><strong>tractatum</strong></span> <span class='ocrx_word' id='word_1_114' title='bbox 1250 1169 1293 1211; x_wconf 92' lang='grc' dir='ltr'>Γ</span> <span class='ocrx_word' id='word_1_115' title='bbox 1317 1166 1555 1211; x_wconf 85' lang='lat' dir='ltr'><strong>tractatim</strong></span> <span class='ocrx_word' id='word_1_116' title='bbox 1586 1168 1626 1210; x_wconf 93' lang='grc' dir='ltr'><em>Δ</em></span> <span class='ocrx_word' id='word_1_117' title='bbox 1670 1170 1676 1219; x_wconf 90' lang='grc'>1</span> <span class='ocrx_word' id='word_1_118' title='bbox 1717 1179 1821 1222; x_wconf 90' lang='lat' dir='ltr'><strong>per-</strong></span> 
     </span>
     <span class='ocr_line' id='line_1_15' title="bbox 124 1225 1825 1284; baseline 0.001 -16"><span class='ocrx_word' id='word_1_119' title='bbox 124 1226 304 1284; x_wconf 83' lang='lat' dir='ltr'><strong>euntes]</strong></span> <span class='ocrx_word' id='word_1_120' title='bbox 338 1239 578 1282; x_wconf 86' lang='lat' dir='ltr'><strong>perversas</strong></span> <span class='ocrx_word' id='word_1_121' title='bbox 610 1227 678 1270; x_wconf 85' lang='lat' dir='ltr'><strong>vel</strong></span> <span class='ocrx_word' id='word_1_122' title='bbox 708 1239 876 1283; x_wconf 87' lang='lat' dir='ltr'><strong>pravas</strong></span> <span class='ocrx_word' id='word_1_123' title='bbox 909 1229 934 1279; x_wconf 82' lang='grc' dir='ltr'><em>ζ</em></span> <span class='ocrx_word' id='word_1_124' title='bbox 1052 1230 1077 1269; x_wconf 88' lang='grc'><strong>9</strong></span> <span class='ocrx_word' id='word_1_125' title='bbox 1109 1227 1397 1272; x_wconf 77' lang='lat' dir='ltr'><strong>subscribunt</strong></span> <span class='ocrx_word' id='word_1_126' title='bbox 1418 1227 1511 1282; x_wconf 79' lang='lat' dir='ltr'><strong>fere</strong></span> <span class='ocrx_word' id='word_1_127' title='bbox 1534 1230 1587 1270; x_wconf 77' lang='lat' dir='ltr'><strong>ut</strong></span> <span class='ocrx_word' id='word_1_128' title='bbox 1611 1226 1725 1270; x_wconf 82' lang='lat' dir='ltr'><strong>libro</strong></span> <span class='ocrx_word' id='word_1_129' title='bbox 1755 1225 1825 1270; x_wconf 90' lang='lat' dir='ltr'><strong>VI</strong></span> 
     </span>
    </p>
   </div>
  </div>
 </body>
</html>
