2078 3174
215 139 319 190 142
944 139 1173 184 FIRMICI

158 261 190 312 9
323 257 380 312 Si
419 259 476 312 in
513 258 629 312 MC.
669 259 932 312 Venerem
976 260 1322 313 constitutam
1361 261 1625 331 trigonica
1663 260 1906 331 Iuppiter

207 333 504 386 radiatione
533 334 797 403 respiciat,
832 335 918 386 vel
942 335 987 387 si
1012 352 1134 387 cum
1159 353 1220 387 ea
1243 335 1406 387 fuerit
1429 336 1693 404 inventuS‚
1724 339 1778 387 et
1802 335 1903 389 Ve-

207 426 308 460 nus
333 407 399 460 ab
426 408 673 461 omnibus
698 408 1073 460 malivolarum
1105 410 1381 462 stellarum
1410 409 1573 462 fuerit
1596 410 1902 463 radiationi-

207 480 308 533 bus
348 486 608 550 separata,
645 482 967 534 feminarum
997 482 1263 551 praesidio
1297 501 1361 535 ex
1393 483 1496 535 ista
1528 484 1902 537 coniunctione

207 557 441 607 maxima
478 555 751 608 felicitatis
790 555 1024 627 insignia
1063 556 1429 626 conferuntur,
1476 560 1569 610 aut
1616 577 1681 610 ex
1721 558 1900 626 aliquo
1949 579 1972 612 5

205 629 437 682 femineo
491 648 649 699 opere
699 630 915 682 initium
964 630 1242 683 felicitatis
1292 631 1572 700 accipiunt.
1653 630 1757 684 Sed
1801 632 1901 685 hos

186 703 418 756 eosdem
465 703 596 756 facit
643 704 835 756 musici
884 705 1133 756 carminis
1184 704 1372 757 modos
1411 705 1638 758 dulciter
1675 706 1902 775 flectere,

205 779 299 829 aut
339 776 598 830 citharam
637 778 916 846 lyramque
954 782 1244 848 percutere,
1287 781 1381 831 aut
1419 782 1560 832 certe
1600 779 1752 833 molli
1791 797 1902 832 cor-

204 851 352 919 poris
391 852 535 904 flexu
574 870 695 906 cum
736 858 889 921 grata
925 855 1204 905 venustate
1245 852 1451 906 saltare.

120 927 188 979 10
315 924 559 994 Iuppiter
607 944 817 995 semper
862 926 920 978 in
957 925 1073 978 MC.
1120 927 1388 995 partiliter
1434 927 1755 980 constitutus
1803 928 1899 980 mi·
1926 949 1974 980 ιο

206 1017 323 1052 sero
369 999 608 1052 libidinis
655 1000 831 1053 studio
880 1000 946 1052 ad
994 1000 1329 1053 sordidarum
1375 1001 1661 1053 mulierum
1712 1019 1900 1056 concu-

203 1073 350 1126 bitus
389 1075 615 1143 inpellit.
693 1073 752 1127 Si
797 1092 922 1127 vero
971 1092 1093 1126 cum
1140 1093 1202 1127 eo
1241 1074 1385 1128 Mars
1431 1075 1595 1128 fuerit
1636 1076 1900 1142 inventust,

205 1151 257 1200 et
306 1149 421 1217 ipse
471 1149 691 1201 eandem
742 1148 1022 1217 possidens
1067 1152 1290 1218 partem,
1340 1167 1563 1202 uxorem
1610 1150 1724 1202 eius
1765 1150 1900 1202 alter

201 1222 464 1275 violenter
494 1222 725 1291 arripiet.
797 1221 855 1275 Si
885 1240 1011 1275 vero
1042 1222 1127 1275 his
1160 1222 1386 1276 Veneris
1416 1223 1698 1276 accesserit
1731 1226 1898 1287 stella,

202 1296 503 1348 iHustribus
542 1296 671 1350 viris
713 1297 777 1350 de
815 1297 1091 1350 meritorio
1133 1297 1370 1350 detracta
1406 1297 1599 1350 mulier
1629 1297 1899 1368 coniugali
1925 1318 1970 1351 ιε

202 1370 376 1440 gratia
416 1371 709 1440 copulatur.
790 1369 848 1423 Si
885 1389 1011 1423 vero
1058 1370 1143 1424 his
1186 1371 1435 1423 omnibus
1475 1370 1569 1424 Sol
1608 1372 1897 1441 quadratus

203 1446 497 1514 accesserit,
537 1445 849 1498 concubinis
889 1449 1103 1514 patrum
1143 1449 1236 1497 aut
1273 1445 1515 1499 novercis
1556 1447 1665 1498 suis
1697 1447 1898 1498 nefaria

202 1518 494 1586 cupiditate
540 1519 859 1589 iunguntur,
911 1523 963 1572 et
1008 1522 1264 1572 retractas
1303 1522 1517 1588 patrum
1558 1537 1750 1572 uxores
1790 1539 1896 1572 ma-

201 1593 442 1645 trimonii
482 1594 735 1646 societate
776 1595 1122 1663 coniungunt.
1203 1592 1307 1646 Sed
1353 1611 1474 1646 cum
1519 1594 1721 1646 fuerint
1762 1613 1897 1662 nup-

201 1667 307 1720 tiae
346 1685 511 1736 prava
557 1667 851 1735 cupiditate
898 1667 1192 1737 conpletae,
1231 1667 1617 1720 interveniente
1656 1667 1895 1720 mulieris
1922 1688 1970 1720 20

199 1741 329 1812 fuga
384 1741 696 1794 dissolvitur
748 1741 1171 1809 matrimonium,
1227 1741 1370 1809 quod
1419 1742 1595 1794 fuerat
1647 1743 1895 1795 infaustis

201 1815 470 1867 ominibus
510 1815 833 1884 copulatum.

41 1901 229 1942 soz-76⁶1!
312 1887 365 1942 Si
421 1888 567 1941 Mars
629 1889 685 1941 in
738 1887 854 1941 MC.
910 1907 1030 1941 cum
1083 1888 1236 1942 Luna
1297 1890 1458 1941 fuerit
1517 1890 1781 1958 inventUS,
1844 1893 1896 1942 et

116 1965 178 2016 11
199 1962 444 2033 Iuppiter
494 1963 550 2015 in
599 1963 899 2032 horoscopo
949 1963 1114 2016 fuerit
1161 1963 1429 2032 partiliter
1479 1966 1784 2032 collocatuS‚
1839 1964 1895 2015 in

201 2055 391 2091 occasu
428 2055 555 2090 vero
591 2036 685 2090 Sol
723 2037 884 2089 fuerit
923 2039 1262 2105 constitutuS,
1299 2036 1483 2090 Iovem
1523 2037 1586 2089 de
1619 2037 1893 2105 diametro,
1919 2056 1962 2088 25

197 2111 425 2163 Martem
463 2130 590 2164 vero
631 2115 684 2164 et
721 2110 928 2163 Lunam
969 2112 1227 2179 quadrata
1264 2111 1557 2163 radiatione
1588 2111 1892 2180 respicienS‚

197 2186 414 2254 nuptias
462 2186 566 2238 ista
612 2185 915 2238 coniunctio
965 2204 1087 2239 cum
1130 2185 1390 2238 exitiabili
1430 2186 1734 2238 certaminis
1773 2203 1892 2238 con-

197 2260 490 2312 flictatione
531 2259 779 2312 decernit.
858 2259 1009 2311 Tunc
1054 2259 1239 2329 gravia
1284 2260 1504 2311 vulnera
1550 2260 1732 2311 minax
1771 2277 1893 2312 con-

198 2333 531 2384 tendentium
583 2333 792 2403 gladius
838 2333 1060 2403 infligit,
1112 2336 1241 2385 tunc
1290 2333 1468 2402 gravis
1517 2351 1701 2403 pugna
1750 2334 1891 2384 saevi

198 2407 402 2459 ardoris
450 2407 829 2459 certaminibus
878 2407 1195 2474 concitatur,
1243 2410 1372 2458 tunc
1417 2407 1621 2459 famosa
1666 2406 1892 2475 proelio·
1916 2425 1963 2458 30

195 2499 314 2532 rum
366 2481 654 2532 certamina
701 2481 841 2532 saevi
892 2480 1096 2533 ardoris
1144 2480 1528 2548 cupiditatibus
1576 2482 1895 2548 excitantur,

316 2646 340 2682 3
374 2639 699 2683 malivolarum
732 2640 971 2683 stellarum
1006 2641 1049 2697 6]
1084 2640 1325 2683 stellarum
1357 2640 1535 2683 scilicet
1566 2639 1888 2682 malivolamm

197 2702 236 2741 A
286 2698 527 2743 stellarum
560 2714 642 2743 om.
677 2701 723 2742 Γ
861 2704 887 2742 8
921 2699 1163 2754 cytharam
1196 2701 1283 2742 AG
1426 2703 1451 2741 9
1485 2698 1690 2742 salutare
1722 2700 1761 2742 Δ

200 2762 252 2799 17
287 2758 523 2801 concubiis
556 2761 642 2801 AG
700 2765 705 2811 1
763 2771 1059 2801 novercarum
1100 2758 1279 2801 nefaria
1311 2760 1351 2800 Δ
1507 2761 1560 2799 18
1593 2758 1658 2814 et]
1703 2759 1785 2799 aut
1817 2770 1842 2799 σ
1878 2757 1884 2814 Ῑ

194 2819 420 2859 retractas
457 2820 503 2860 Γ
530 2818 603 2873 (cf.
630 2821 734 2870 153,
758 2818 840 2875 22)]
876 2819 1152 2860 retractatas
1185 2819 1225 2860 Δ
1379 2820 1433 2859 19
1468 2815 1630 2874 <sibi>
1664 2815 1889 2859 societate

196 2877 254 2927 σζ
282 2877 373 2919 sive
404 2877 519 2919 alibi
661 2881 716 2918 20
747 2876 1046 2932 perveniente
1077 2890 1188 2920 corr.
1222 2879 1247 2927 ζ
1384 2880 1438 2918 26
1471 2875 1649 2917 Lunam
1682 2875 1739 2917 de
1772 2888 1882 2929 qua-

195 2934 330 2977 drato
363 2935 615 2990 respiciens
647 2939 687 2978 Δ
811 2940 865 2978 29
899 2935 1070 2991 infligit
1101 2949 1183 2978 om.
1210 2937 1249 2978 Δ
1308 2936 1315 2989 1
1372 2948 1559 2990 pugnae
1590 2947 1701 2978 corr.
1729 2935 1753 2985 ζ
