2078 3174
157 598 177 631 5

134 983 177 1015 10

134 1353 174 1386 15

131 1724 174 1756 20

129 2464 172 2496 30

847 102 911 147 VI
943 106 1014 156 27,
1039 105 1193 157 2—29,
1218 113 1252 148 5.
1796 101 1901 155 133

205 226 260 276 et
295 224 597 293 conparatis
630 226 684 276 et
715 222 1017 278 coniunctis
1047 222 1278 276 invicem
1312 221 1685 291 potestatibus,
1725 223 1904 274 omnia

203 298 307 351 tibi
344 298 678 351 decretorum
711 298 996 350 insinuabo
1029 299 1246 364 secreta,
1284 299 1348 348 ut
1379 296 1637 365 quicquid
1669 297 1904 367 generali

203 371 562 441 explicatione
614 371 1032 424 monstravimus
1040 412 1056 440 ,
1109 370 1414 440 specialiter
1467 389 1653 423 rursus
1707 370 1904 422 iunctis

205 445 485 499 sententiis
525 445 867 514 explicemus,

954 576 1149 631 XXIX.

315 667 427 738 [De
467 684 793 721 servorum
833 666 1336 736 nativitatibus]
1402 665 1461 719 Si
1498 666 1652 719 Luna
1691 669 1745 719 et
1781 666 1950 737 Iup-1

202 742 343 810 piter
380 742 566 811 partili
603 742 804 794 fuerint
841 741 1139 794 radiatione
1179 740 1474 809 coniuncti,
1518 744 1572 794 et
1610 759 1701 793 eos
1741 741 1903 794 simul

201 816 469 884 partiliter
529 817 818 868 collocatos
881 815 939 868 in
992 815 1178 868 dextro
1236 815 1496 884 quadrato
1551 816 1761 884 positus
1814 814 1904 868 Sa-

202 894 392 942 turnus
430 890 615 958 partili
652 889 951 943 radiatione
989 890 1297 958 respexerit,
1337 893 1390 942 et
1420 888 1565 941 Mars
1606 889 1771 942 simili
1801 890 1902 942 hos

201 964 415 1016 eosdem
445 982 544 1033 per
575 964 895 1032 quadratum
925 964 1124 1016 minaci
1154 964 1452 1017 radiatione
1490 964 1768 1033 percutiat,
1809 962 1903 1016 Sol

199 1056 326 1091 vero
375 1038 446 1091 sit
490 1038 548 1090 in
586 1037 677 1092 VI.
721 1037 803 1090 vel
842 1039 899 1090 in
936 1036 1056 1090 XII.
1096 1037 1231 1106 1000,
1279 1055 1344 1090 ex
1382 1037 1488 1090 ista
1527 1038 1902 1090 coniunctione

201 1112 488 1181 [percutiat
538 1112 816 1182 societate]
869 1112 1076 1165 servilis
1126 1112 1375 1183 genitura
1426 1112 1751 1181 decernitur,
1800 1130 1899 1166 nec

200 1189 538 1257 expugnatus
585 1205 651 1239 ex
695 1189 948 1255 utroque
972 1187 1140 1239 latere
1177 1185 1422 1255 Iuppiter
1470 1185 1755 1239 servilibus
1802 1205 1897 1255 po-

199 1261 327 1313 terit
378 1261 789 1315 necessitatibus
842 1261 1084 1314 liberare.
1164 1259 1223 1314 Si
1267 1261 1326 1313 in
1369 1259 1487 1313 MC.
1534 1260 1688 1313 Luna
1734 1260 1900 1313 fuerit
1917 1263 1959 1315 2⁴

199 1335 438 1401 inventa,
485 1338 538 1387 et
585 1336 643 1388 in
687 1335 873 1388 eodem
911 1334 1031 1388 loco
1071 1335 1236 1387 fuerit
1273 1333 1518 1403 Iuppiter
1557 1335 1904 1403 constitutus,

199 1412 253 1461 et
290 1407 435 1461 Mars
482 1409 911 1462 coniunctionem
952 1408 1136 1462 Lunae
1183 1410 1468 1462 crescentis
1509 1410 1800 1478 exceperit,
1847 1413 1906 1461 et

199 1484 628 1536 coniunctionem
665 1483 853 1536 Martis
894 1486 947 1536 et
977 1483 1160 1536 Lunae
1193 1482 1457 1536 Saturnus
1496 1483 1693 1535 minaci
1730 1483 1899 1536 radia-

198 1558 345 1609 tione
383 1557 699 1627 respexerit,
738 1557 908 1611 bonos
950 1557 1163 1626 quidem
1204 1575 1387 1610 servos
1426 1558 1645 1626 facient,
1693 1557 1784 1610 sed
1823 1558 1907 1609 in-

197 1631 473 1684 felicitatis
512 1650 670 1684 onere
710 1650 920 1701 semper
959 1635 1224 1702 gravatos,

310 1705 368 1759 Si
415 1705 622 1758 Lunam
675 1706 737 1758 de
790 1706 1049 1758 diametro
1089 1705 1231 1759 Mars
1279 1709 1334 1758 et
1384 1704 1647 1758 Saturnus
1698 1706 1949 1775 pariter3

198 1781 519 1849 aspexerint,
561 1783 614 1832 et
651 1783 800 1833 nulla
839 1781 1210 1833 benivolamm
1251 1782 1526 1832 stellarum
1565 1780 1651 1832 vel
1688 1779 1896 1832 Lunam

198 1855 284 1906 vel
322 1855 445 1907 illos
493 1855 586 1923 qui
632 1857 757 1906 sunt
802 1855 859 1907 in
906 1855 1164 1908 diametro
1213 1854 1508 1923 constituti,
1558 1855 1779 1906 salutari
1817 1873 1893 1906 ra-

198 1927 432 1980 diatione
471 1930 794 1993 convenerit,
833 1931 926 1981 aut
973 1947 1153 1981 servos
1194 1929 1391 1981 efficiet
1430 1929 1533 1980 ista
1572 1928 1896 1995 coniuncti0‚

198 2005 291 2054 aut
320 2003 560 2070 privatos
591 2006 872 2071 parentum
903 2003 1171 2072 praesidio
1211 2003 1407 2056 misero
1447 2003 1608 2054 faciet
1648 2002 1895 2055 orbitatis

130 2095 149 2126 ρ
198 2094 357 2129 onere
395 2077 750 2147 praegravari.

310 2148 368 2202 Si
399 2150 663 2203 Venerem
704 2154 758 2203 et
795 2150 1002 2203 Lunam
1043 2150 1099 2202 in
1140 2150 1362 2202 diversis
1400 2149 1534 2202 locis
1575 2151 1947 2205 constitutas4

199 2223 460 2276 Saturnus
500 2227 552 2276 et
584 2224 730 2276 Mars
771 2225 1028 2292 quadrata
1065 2224 1150 2276 vel
1191 2224 1448 2276 diametra
1484 2224 1781 2277 radiatione
1815 2243 1894 2277 re-

198 2298 492 2366 spexerint,
546 2301 600 2350 et
647 2299 732 2350 his
784 2298 1031 2351 omnibus
1081 2297 1224 2351 Iovis
1277 2301 1603 2366 oportunum
1652 2299 1893 2351 testimo-

196 2373 347 2424 nium
399 2373 704 2442 denegetur,
755 2391 786 2424 a
835 2373 1002 2425 servis
1051 2371 1364 2441 parentibus
1413 2375 1568 2424 natos
1619 2372 1723 2424 ista
1770 2391 1892 2426 con-

196 2446 400 2498 iunctio
439 2449 697 2515 perpetuo
736 2446 896 2498 faciet
935 2447 1208 2499 servitutis
1249 2464 1408 2499 onere
1446 2447 1799 2516 praegravari.

309 2518 366 2572 Si
416 2519 701 2589 horoscopi
751 2523 959 2589 partem
1008 2519 1252 2589 Iuppiter
1303 2523 1355 2573 et
1402 2519 1584 2573 Venus
1634 2523 1941 2589 prospera5

315 2670 340 2708 5
366 2667 531 2721 incipit
552 2667 620 2708 W
734 2670 758 2709 9
785 2665 1001 2709 similiter
1024 2667 1049 2719 ζ
1163 2671 1214 2710 11
1243 2666 1304 2710 sit
1328 2666 1368 2724 ζ]
1398 2665 1437 2708 si
1460 2670 1562 2708 Nw
1679 2670 1732 2709 12
1758 2666 1841 2710 del.
1868 2669 1892 2717 ζ

197 2729 251 2767 13
278 2726 576 2781 oppugnatus
600 2741 628 2768 κ
659 2724 853 2782 inpugn.
879 2729 904 2777 ζ
1022 2730 1077 2770 14
1102 2724 1199 2769 MC.
1225 2725 1322 2783 Wb]
1354 2725 1480 2769 Mero
1505 2730 1580 2766 W⁸
1610 2724 1765 2767 medio
1790 2729 1829 2767 N

198 2789 252 2827 15
277 2784 454 2839 Iupiter
476 2783 619 2826 fuerit
642 2788 703 2826 N·
823 2788 876 2826 16
903 2784 1229 2828 coniunctione
1254 2789 1292 2826 N
1327 2787 1333 2840 Ι
1369 2783 1594 2827 currentis
1612 2788 1715 2825 NW
1738 2798 1849 2828 corr.
1866 2788 1891 2835 ζ

256 2847 310 2885 19
337 2843 556 2900 [semper]
582 2845 914 2900 praegravatos
940 2845 964 2895 ζ
1052 2849 1105 2887 21
1131 2843 1420 2899 respexerint
1438 2847 1477 2885 N
1504 2845 1510 2901 Ι
1540 2842 1781 2886 stellarum
1804 2843 1885 2900 ΝΞ]

195 2901 358 2945 stellar
380 2902 441 2944 ΠΙ
473 2901 609 2946 stella
632 2906 687 2943 W
807 2907 862 2946 23
897 2903 1193 2946 convenerint
1216 2907 1318 2944 NW
