2066 3192
870 130 913 175 v
942 135 985 186 4,
1010 136 1142 176 8—1a
1777 131 1849 184 53

159 251 456 319 felicitateS,
502 252 701 322 glorias
747 255 801 304 et
845 251 1066 304 honoris
1114 250 1340 304 alicuius
1379 251 1627 321 insignia.
1703 251 1854 306 Tunc

159 325 403 394 plurimis
448 325 757 379 hominibus
803 325 1164 394 imperabunt,
1213 328 1343 378 tunc
1389 326 1628 378 omnium
1675 325 1854 379 adver-

159 399 417 458 sariorum
473 403 753 469 superatur
806 399 1105 468 inprobitas
1115 442 1128 468 ,
1181 402 1310 452 tunc
1363 399 1612 452 notitiam
1670 417 1853 453 eorum

158 473 289 527 felix
329 473 572 527 sublevat
609 473 766 542 fama,
805 477 935 527 tune
972 473 1191 528 licentia
1230 472 1332 525 erit
1378 476 1440 525 ut
1486 477 1539 526 et
1576 473 1710 527 alios
1743 492 1854 527 sus·

114 551 364 603 stentare
410 548 633 617 possint.
706 547 809 600 Sed
858 565 979 601 cum
1028 547 1209 601 felices
1256 547 1476 616 fuerint,
1515 566 1698 600 rursus
1737 567 1854 618 par·
1875 549 1939 602 11

156 625 267 675 tem
319 621 593 675 felicitatis
647 622 920 690 amittunt,
976 622 1067 675 sed
1120 621 1253 674 haec
1307 622 1597 675 secundum
1653 622 1853 676 decreti

159 696 513 749 differentiam
568 696 936 749 decernuntur.
1027 695 1320 749 Habebunt
1375 713 1439 748 ex
1493 696 1714 749 muliere
1768 697 1853 750 vel

156 789 322 824 uxore
359 771 645 839 laetitiam,
686 771 1030 824 laetabuntur
1069 771 1229 823 etiam
1269 773 1515 839 suscepta
1554 771 1760 839 sobole,
1799 775 1852 824 et

155 844 627 898 fundamentorum
690 848 744 898 et
803 844 1089 898 mobilium
1151 844 1389 898 dominia
1443 848 1851 913 consequentur.

90 942 133 974 ιο
155 918 288 972 Post
359 919 560 972 variam
615 922 843 972 aetatem
906 923 959 971 et
1020 917 1516 988 inaequabilitatem
1576 917 1719 972 vitae
1785 920 1852 972 ad

154 1011 410 1063 prospera
457 993 738 1047 commoda
783 993 1058 1047 felicitatis
1106 993 1387 1063 accedunt,
1434 996 1495 1046 ut
1542 993 1650 1046 sint
1688 994 1852 1046 admi-

154 1068 360 1120 ratione
415 1068 588 1139 digni,
642 1071 703 1121 ut
757 1071 810 1120 et
863 1067 969 1136 ipsi
1023 1067 1306 1136 mirentur,
1366 1086 1470 1136 qua
1523 1068 1731 1121 ratione
1786 1068 1852 1120 ad

154 1144 305 1194 tanta
342 1142 682 1211 pervenerint
719 1141 992 1196 felicitatis
1033 1141 1278 1212 insignia.

267 1214 585 1286 [Iuppiter
623 1217 687 1269 in
725 1215 971 1286 Leone]
1028 1215 1343 1286 Quicunque
1374 1216 1431 1269 in
1462 1215 1641 1270 Leone
1671 1215 1850 1270 Iovem
1874 1218 1941 1270 12

88 1313 131 1347 15
155 1290 464 1355 habuerint,
507 1294 663 1343 erunt
702 1291 758 1344 in
796 1291 982 1344 multis
1021 1290 1298 1343 laboribus
1338 1293 1391 1343 et
1428 1290 1853 1361 fatigationibus,

156 1365 411 1434 quamdiu
452 1365 714 1419 Saturnus
760 1365 962 1418 relictis
1000 1365 1245 1417 Piscibus
1293 1365 1360 1417 ad
1398 1364 1600 1418 Arietis
1648 1366 1853 1419 venerit

155 1439 382 1509 signum.
463 1438 596 1492 Cum
629 1439 771 1492 enim
802 1438 985 1493 Iovem
1017 1440 1074 1492 in
1104 1439 1284 1492 Leone
1316 1439 1556 1509 positum
1587 1439 1854 1511 trigonica

156 1511 418 1566 Saturnus
471 1514 767 1567 radiatione
821 1514 1138 1584 respexerit,
1191 1517 1321 1567 tunc
1373 1517 1668 1583 potestates
1721 1517 1852 1568 tunc

154 1587 353 1658 glorias
401 1591 530 1642 tune
573 1588 798 1641 notitias
845 1593 975 1642 tunc
1019 1588 1321 1657 potentium
1370 1588 1663 1642 amicorum
1702 1607 1851 1672 prae-

86 1685 130 1718 20
155 1662 290 1715 sidia
329 1666 740 1732 consequuntur,
781 1666 836 1717 et
873 1663 929 1715 in
963 1662 1246 1732 disciplina
1278 1662 1556 1715 constituti
1588 1663 1850 1717 maximos

153 1737 359 1790 fructus
400 1738 692 1807 accipiunt,
730 1741 860 1790 tunc
901 1737 966 1789 ad
1007 1755 1189 1790 omnes
1230 1740 1381 1791 actus
1420 1737 1690 1806 prosperis
1729 1756 1851 1807 pro-

153 1811 291 1865 vecti
330 1811 798 1880 <promotionibus
837 1803 1073 1865 venlunt.
1150 1811 1302 1864 Tunc
1347 1815 1559 1882 gratum
1602 1813 1874 1895 tempus>

152 1884 410 1938 habentes
447 1887 844 1955 procurationis
877 1886 1057 1939 officia
1087 1886 1408 1939 tractabunt.
1480 1884 1582 1939 Sed
1615 1887 1819 1955 primae
1836 1899 2031 1942 sot-64²7!

154 1960 229 2012 eis
269 1978 464 2013 uxores
502 1979 611 2013 non
642 1961 951 2030 proderunt.
1023 1959 1126 2013 Sed
1158 1979 1254 2013 nec
1286 1960 1520 2031 virgines
1555 1961 1855 2014 sortiuntur
1871 1961 1939 2014 13

86 2055 128 2089 2⁶
151 2053 360 2103 uxoreS,
401 2034 494 2087 sed
533 2035 598 2088 ab
639 2035 759 2087 aliis
799 2038 1084 2105 stupratas.
1146 2034 1322 2087 Erunt
1363 2053 1487 2088 sane
1525 2035 1723 2108 feliceS,
1754 2054 1849 2105 per

153 2112 321 2161 semet
366 2109 514 2178 ipsos
561 2109 837 2163 felicitatis
884 2110 1117 2179 insignia
1165 2110 1451 2192 consecuti,
1497 2113 1848 2178 posteaquam

151 2182 534 2252 patrimonium
581 2187 864 2253 paternum
904 2183 1066 2236 fuerit
1105 2183 1374 2236 amissum.
1454 2183 1630 2235 Erunt
1669 2187 1850 2236 tamen

151 2257 318 2309 fortes
358 2258 535 2310 animo
575 2258 783 2326 profusi
823 2257 1085 2327 liberaleS,
1126 2260 1179 2310 et
1210 2259 1303 2326 qui
1334 2276 1419 2310 res
1451 2258 1652 2310 alienas
1684 2277 1850 2327 prava

153 2331 443 2400 cupiditate
483 2326 793 2384 desiderent.

273 2467 295 2505 1
330 2461 459 2506 Tunc
490 2462 538 2506 in
573 2465 612 2506 Δ
721 2468 746 2507 2
780 2462 993 2519 pluribus
1024 2467 1104 2506 Ro
1213 2469 1239 2507 4
1273 2465 1385 2506 tunc
1418 2479 1442 2507 *
1463 2477 1533 2507 *ια
1566 2481 1593 2507 κ
1621 2466 1627 2519 Ι
1655 2462 1848 2506 licentia

152 2523 189 2580 ζ]
223 2520 408 2566 laetitia
436 2525 442 2578 Ι
470 2522 559 2566 erit
590 2522 910 2606 {potestatissp
946 2525 968 2575 ζ
1028 2524 1075 2566 et
1105 2524 1160 2566 ut
1195 2524 1240 2566 Γ
1365 2526 1390 2565 5
1421 2524 1610 2578 partum
1641 2522 1787 2565 BbGO

153 2586 178 2624 6
212 2581 378 2625 secreti
411 2581 672 2624 Anobnn
766 2587 820 2625 10
846 2583 1049 2626 aetatem
1078 2583 1285 2637 displicet
1311 2584 1316 2637 Ι
1346 2583 1392 2624 et
1417 2596 1501 2626 om.
1520 2584 1560 2625 Δ
1590 2584 1595 2637 Ι
1624 2581 1849 2637 inaequa—

152 2639 335 2685 litatem
359 2639 411 2683 A'
534 2645 585 2683 11
622 2641 846 2685 accedent
878 2645 915 2683 A
942 2644 948 2697 Ι
977 2641 1390 2685 administratione
1427 2643 1473 2684 Γ
1591 2646 1643 2684 12
1676 2643 1730 2685 ut
1763 2641 1846 2685 del.

151 2716 178 2743 κ
302 2704 356 2742 14
389 2701 550 2743 lemma
580 2714 663 2744 om.
690 2703 730 2744 Δ
774 2702 779 2755 Ι
822 2701 976 2744 Iovem
1009 2701 1056 2743 in
1089 2701 1136 2743 L.
1164 2700 1285 2756 quic.
1320 2700 1426 2743 hab.
1455 2703 1493 2743 Δ
1633 2705 1685 2743 17
1721 2700 1846 2743 enim

151 2773 233 2803 om.
261 2761 300 2802 Δ
424 2763 478 2802 18
517 2761 629 2803 tunc
669 2759 842 2817 glorias
875 2759 934 2817 A]
976 2761 1022 2803 et
1062 2759 1235 2816 glorias
1274 2762 1319 2803 Γ
1435 2764 1490 2802 20
1525 2761 1572 2802 et
1602 2759 1648 2802 in
1683 2774 1785 2804 *ια*
1817 2777 1844 2802 κ

153 2823 205 2861 21
240 2831 486 2874 prosperos
510 2832 622 2863 eorm·
649 2832 674 2862 6
827 2824 881 2861 22
915 2819 1020 2863 add.
1047 2775 1093 2860 Ιὲ
1116 2819 1267 2875 primo
1301 2819 1476 2862 litteras
1508 2824 1748 2863 servarunt
1779 2833 1842 2862 ce-

152 2879 239 2921 teri
358 2882 414 2920 24
439 2877 695 2933 proderunt
719 2878 780 2936 A]
806 2877 981 2934 probae
1007 2880 1143 2921 erunt
1173 2880 1218 2921 Γ
1255 2881 1260 2932 Ι
1305 2878 1559 2920 sortientur
1590 2881 1711 2919 Boe

155 2940 208 2978 25
242 2935 335 2980 alio
368 2937 609 2992 stupratae
642 2939 681 2980 A
791 2942 845 2980 26
880 2937 972 2993 ipsi
1005 2940 1044 2980 A
1166 2941 1220 2980 28
1255 2937 1317 2993 et]
1354 2936 1435 2980 sed
1467 2940 1491 2988 ζ
