2084 3192
256 167 363 219 302
987 165 1218 210 FIRMICI

254 289 410 357 fidus,
460 288 550 340 sed
589 288 655 339 ad
695 305 851 340 omne
890 287 1127 340 studium
1165 286 1464 340 venationis
1503 288 1817 356 applicatus,
1893 285 1946 339 Is

256 362 458 414 retibus
497 363 636 414 feras
677 361 864 430 capiet,
904 364 997 414 aut
1034 361 1203 413 foveis
1244 361 1490 429 decipiet,
1527 362 1613 414 vel
1644 361 1808 414 variis
1839 361 1946 413 for-

255 436 544 488 midinibus
583 436 831 504 ferroque
868 435 1174 504 sectabitur,
1215 438 1308 487 aut
1347 435 1566 487 canibus
1597 435 1831 487 ferarum
1863 453 1944 488 ca-

255 511 570 580 piendarum
611 509 785 579 gratia
823 509 1148 562 scrutabitur
1187 513 1388 562 secreta
1427 508 1694 562 silvarum.
1758 508 1862 562 Sed
1892 512 1946 561 et

255 583 454 636 femina
494 584 541 636 si
580 584 656 636 sic
693 586 820 635 nata
857 583 1034 649 fuerit,
1077 583 1335 653 viraginis
1375 584 1552 636 animo
1594 583 1724 636 haec
1763 583 1945 636 eadem
1992 606 2014 638 5

257 658 520 711 similibus
575 657 873 710 rationibus
924 660 1286 726 persequetur.
1365 656 1468 710 Sed
1517 657 1649 710 haec
1693 658 1853 710 faciet
1899 657 1945 709 si

214 737 218 740 ’
254 732 398 784 Mars
446 749 567 784 cum
614 731 877 784 benivolis
925 732 1095 785 stellis
1141 732 1284 783 hunc
1330 731 1555 784 eundem
1600 731 1779 784 locum
1819 749 1946 800 qua-

205 807 237 858 2
257 824 483 875 cumque
537 805 833 858 radiatione
886 805 1191 874 respexerit.
1270 804 1473 868 Quodsi
1529 804 1790 858 Saturnus
1843 805 1947 857 hoc

255 881 395 932 idem
434 881 635 949 fecerit,
675 883 838 932 erunt.
869 880 936 931 ad
975 897 1129 932 omne
1166 880 1402 932 studium
1433 879 1746 948 piscationis
1779 879 1946 948 appli-

256 954 375 1023 cati,
422 958 482 1006 ut
529 953 809 1022 exquisitis
856 953 1242 1022 piscationibus
1290 954 1451 1006 etiam
1490 955 1722 1006 marinas
1760 953 1945 1005 beluas
1971 977 2015 1009 ιο

257 1029 485 1096 capiant.
563 1026 621 1080 Si
666 1045 792 1080 vero
839 1028 943 1081 hoc
990 1028 1133 1096 quod
1180 1027 1411 1081 diximus
1458 1028 1605 1080 sidus
1653 1028 1710 1079 in
1757 1045 1946 1080 occasu

255 1102 434 1171 fuerit,
481 1105 534 1154 et
579 1101 758 1155 locum
812 1102 989 1170 ipsum
1035 1101 1313 1154 benivolae
1369 1105 1552 1159 stellae
1601 1101 1947 1171 respexerint,

255 1176 344 1229 hic
391 1176 485 1245 qui
533 1176 610 1230 sic
656 1178 814 1228 natus
860 1175 1024 1228 fuerit
1070 1176 1338 1229 dormiens
1381 1177 1653 1229 morietur.
1724 1174 1782 1228 Si
1819 1193 1945 1227 vero

254 1251 397 1303 Mars
436 1251 580 1302 hunc
610 1250 788 1303 locum
820 1250 1029 1319 viderit,
1063 1251 1242 1302 omnia
1274 1249 1427 1319 [VII]
1462 1251 1677 1319 quidem
1709 1249 1948 1319 pericula

255 1325 561 1392 fiequenter
601 1325 921 1393 (incurret),
969 1324 1059 1377 sed
1110 1325 1379 1376 dormiens
1427 1325 1614 1378 acerba
1661 1327 1833 1376 morte
1871 1323 2014 1380 iu-15

203 1399 237 1450 3
255 1399 542 1468 gulabitur.
604 1397 670 1450 In
703 1397 894 1452 Cancri
924 1402 1076 1467 parte
1108 1397 1399 1467 XX<VII>.
1442 1401 1611 1451 oritur
1640 1399 1946 1466 Procyon.

258 1472 377 1526 Hoc
424 1473 628 1525 oriente
677 1473 768 1540 qui
814 1474 931 1525 nati
983 1473 1197 1542 fuerint,
1245 1477 1400 1525 erunt
1455 1472 1669 1541 quidem
1723 1473 1827 1540 ipsi
1880 1472 1945 1523 ab

259 1546 405 1599 omni
437 1546 737 1599 venationis
778 1547 956 1599 studio
997 1546 1244 1615 separati,
1282 1565 1466 1600 verum
1507 1566 1653 1599 arma
1683 1544 1947 1598 venatori-

255 1622 355 1673 bus
395 1624 488 1673 aut
525 1621 722 1672 facient
754 1624 846 1672 aut
879 1621 1160 1689 parabunt,
1200 1621 1254 1673 id
1290 1624 1372 1674 est
1402 1622 1537 1673 retia
1568 1619 1830 1674 venabula
1869 1637 1947 1671 sa-

256 1694 435 1765 gittas,
482 1698 535 1746 et
583 1695 838 1762 quicquid
884 1695 950 1746 ad
995 1695 1403 1748 instructionem
1451 1696 1563 1748 eius
1616 1695 1778 1748 studii
1828 1712 1945 1763 per·
1971 1717 2015 1749 πο

255 1770 406 1820 tinet.
481 1767 740 1821 Nutrient
792 1769 951 1822 etiam
1009 1787 1162 1821 canes
1219 1770 1311 1838 qui
1365 1769 1597 1822 ferarum
1652 1768 1848 1821 cubilia
1894 1770 1947 1819 et

203 1843 482 1895 -llatentes
532 1842 763 1895 latebras
817 1843 1089 1913 praesagis
1143 1843 1362 1896 naribus
1409 1846 1809 1911 persequantur.
1888 1840 1946 1894 Si

256 1934 379 1970 vero
419 1918 523 1969 hoc
562 1917 709 1969 sidus
750 1917 807 1968 in
846 1934 1035 1969 occasu
1074 1917 1258 1986 fuerit,
1306 1920 1359 1969 et
1395 1917 1537 1969 hunc
1575 1918 1756 1970 locum
1801 1914 1945 1968 Mars

258 1991 513 2059 quadrata
551 1991 636 2043 vel
678 1990 934 2043 diametra
971 1991 1268 2043 radiatione
1306 1992 1612 2060 respexerit,
1651 1989 1794 2043 Iovis
1826 2008 1946 2059 pro-

257 2083 410 2133 spero
443 2065 750 2117 testimonio
785 2064 1115 2134 destitutum,
1147 2083 1328 2117 morsu
1360 2065 1534 2118 rabidi
1559 2064 1704 2118 canis
1726 2063 1945 2116 lacerati
1970 2085 2012 2118 25

257 2138 420 2190 simili
473 2139 669 2191 furoris
725 2139 934 2191 insania
988 2139 1328 2207 deperibunt,
1379 2143 1440 2192 ut
1498 2157 1664 2207 aquae
1714 2138 1944 2190 vitantes

257 2215 547 2281 aspectum,
603 2215 655 2264 et
710 2230 920 2265 omnem
974 2214 1289 2280 poculorum
1343 2213 1621 2265 horrentes
1677 2213 1945 2279 haustum,

257 2286 617 2339 arescentibus
672 2286 916 2339 faucibus
971 2305 1163 2355 aquam
1220 2305 1429 2355 semper
1484 2287 1779 2340 desiderare
1824 2303 1946 2354 per-

375 2437 397 2474 1
431 2431 471 2474 is
501 2431 567 2489 Γ]
593 2431 650 2474 iis
675 2436 713 2473 Ν
745 2431 836 2474 hiis
860 2437 895 2473 D
929 2431 1000 2474 his
1025 2447 1054 2474 v
1176 2438 1200 2475 2
1234 2431 1378 2475 foveis
1403 2432 1502 2489 Av]
1533 2431 1660 2475 fovet
1683 2431 1722 2475 is
1747 2435 1784 2472 A
1816 2431 1945 2475 fovee

254 2491 294 2533 is
328 2495 362 2532 G
483 2496 508 2533 5
540 2490 771 2547 viragines
804 2495 841 2532 A
883 2491 1076 2546 virginis
1110 2496 1144 2533 G
1277 2496 1301 2534 6
1335 2490 1584 2534 simillimis
1618 2495 1690 2533 Gv
1811 2495 1835 2533 9
1868 2503 1944 2534 ve-

255 2549 458 2592 nationis
490 2552 530 2592 Δ
681 2554 735 2593 10
767 2551 819 2592 ut
856 2550 980 2606 PD2’]
1027 2552 1073 2593 et
1103 2550 1208 2592 12¹1<
1266 2553 1271 2606 Ι
1329 2550 1592 2608 exquisitis]
1637 2563 1692 2593 ex
1723 2549 1826 2592 istis
1860 2564 1885 2592 σ

259 2614 307 2650 11
345 2609 536 2664 capiunt
559 2622 669 2652 corr.
697 2609 756 2650 1³²
810 2610 816 2666 Ι
874 2609 999 2664 quod
1024 2609 1080 2667 A]
1112 2611 1166 2652 ut
1288 2613 1341 2652 12
1374 2609 1661 2664 respexerint
1687 2609 1754 2666 Γ]
1787 2621 1944 2664 posse-

255 2667 408 2710 derint
440 2670 479 2710 Δ
626 2673 681 2710 14
713 2667 797 2710 VII
827 2669 908 2710 ΓΙ)
942 2669 988 2710 et
1011 2683 1040 2709 v
1073 2669 1154 2712 del.
1181 2673 1255 2710 Na
1289 2671 1367 2724 (est
1389 2670 1600 2713 correctio
1625 2668 1687 2711 ad
1709 2670 1737 2710 l.
1766 2671 1823 2710 16
1839 2681 1944 2722 per-

257 2728 420 2783 tinens)
544 2730 597 2768 15
631 2727 735 2770 add.
762 2725 820 2768 ΒΞ
852 2732 892 2770 et
921 2731 960 2768 N
992 2729 1071 2782 qui
1094 2727 1382 2770 incurrerent
1502 2731 1555 2770 16
1588 2725 1770 2769 XXVII.
1797 2726 1945 2769 oritur

255 2786 461 2841 Procyon
487 2786 690 2842 Scaliger
713 2786 775 2829 ad
802 2786 972 2829 Manil.
995 2787 1106 2843 252]
1131 2786 1227 2829 XX.
1256 2786 1402 2829 oritur
1425 2786 1602 2843 Argion
1626 2789 1663 2827 A
1693 2786 1883 2841 Argyon
1909 2789 1944 2826 G

255 2845 413 2899 Argon
437 2847 516 2887 Av
541 2845 648 2887 Boll
672 2848 762 2887 400
856 2849 907 2887 17
934 2843 1026 2900 ipsi
1052 2845 1242 2899 quidem
1266 2848 1305 2888 Δ
1400 2849 1455 2887 20
1480 2843 1834 2888 instructionem
1858 2844 1940 2900 κσ]

257 2903 558 2947 structionem
591 2903 971 2957 (destructionem
993 2907 1086 2959 Nv)
1115 2907 1121 2959 Ι
1148 2904 1386 2959 pertinent
1409 2906 1449 2947 Δ
1573 2908 1626 2945 22
1658 2915 1941 2958 prosequan-

255 2963 330 3003 tur
357 2964 396 3003 Δ
522 2967 573 3004 27
607 2961 879 3016 poculorum
912 2962 958 3019 a]
990 2963 1301 3018 periculorum
1423 2967 1477 3006 ‘28
1512 2975 1692 3017 semper
1723 2975 1804 3005 om.
1830 2959 1879 3002 A'
