2078 3174
826 129 890 174 VI
920 133 992 184 30,
1015 141 1155 174 9—13.
1733 128 1837 180 143

142 255 272 304 tunc
309 251 502 319 (cum)
540 250 844 303 cadentium
875 250 1079 320 gemitu
1111 249 1445 318 strepituque
1476 249 1835 318 pugnantium

143 325 332 378 acerba
378 324 689 394 profusione
736 323 1012 394 sanguinis
1052 326 1355 375 contractae
1393 323 1614 391 nuptiae
1653 341 1834 376 cruen-

140 402 335 451 tantur.
398 399 527 452 Tale
550 397 724 451 PARIS
750 396 1120 450 ALEXANDER
1145 397 1409 450 decretum
1436 396 1689 450 habuisse
1714 416 1831 468 sug—
1859 398 1931 449 12

141 474 360 543 geritur,
410 473 560 525 cuius
608 490 674 523 ex
717 471 922 540 nuptiis
966 489 1269 541 pugnarum
1306 470 1511 524 famosa
1550 471 1835 524 certamina

94 568 114 600 5
140 549 194 598 et
246 547 493 600 fabulosa
543 546 748 615 patriae
802 545 1009 598 excidia
1062 545 1416 615 contigerunt.
1499 543 1603 597 Sed
1656 548 1831 598 totum

138 619 430 673 Alexandri
468 619 676 673 Paridis
724 619 995 672 decretum
1042 619 1144 672 hac
1180 620 1356 672 fuerat
1393 619 1602 672 ratione
1640 637 1835 689 conpo-

139 694 318 748 situm.
395 693 546 747 Hora
599 694 774 746 fuerat
819 693 947 762 <in>
991 692 1255 762 Aquario,
1311 692 1404 747 Sol
1457 693 1586 762 <in>
1638 693 1832 763 Leone,

136 768 291 821 Luna
334 769 461 838 <in>
500 767 815 837 Scorpione,
866 767 1129 821 Saturnus
1175 767 1303 837 <in>
1341 767 1542 835 Leone,
1591 766 1834 836 Iuppiter

136 843 264 910 <in>
300 841 555 912 Aquario,
604 841 751 894 Mars
790 842 918 910 <in>
957 841 1264 911 Scorpione,
1313 841 1497 894 Venus
1534 842 1659 910 (et)
1696 841 1830 894 Mer-

69 938 111 970 10
136 917 314 970 curius
351 917 478 985 (in)
519 915 773 969 Geminis.

249 989 306 1043 Si
347 990 607 1044 Saturnus
647 994 701 1043 et
738 990 882 1042 Mars
929 992 986 1043 in
1024 989 1139 1043 MC.
1178 990 1380 1043 fuerint
1420 991 1688 1060 partiliter
1725 991 1828 1044 col·
1852 989 1926 1042 13

135 1064 313 1133 locati,
351 1067 445 1117 aut
482 1065 625 1117 hunc
664 1065 888 1118 eundem
920 1065 1099 1118 locum
1131 1066 1190 1117 in
1220 1065 1340 1117 aliis
1373 1065 1676 1117 cardinibus
1710 1082 1829 1117 con·

135 1139 313 1191 stituti
353 1139 612 1208 quadrata
650 1139 735 1191 vel
773 1139 1034 1191 diametra
1062 1139 1360 1192 radiatione
1390 1138 1694 1208 respiciant,
1731 1157 1828 1191 nec

133 1231 318 1266 eorum
372 1213 633 1266 malitiam
682 1211 827 1266 Iovis
881 1230 941 1265 ac
979 1212 1204 1266 Veneris
1259 1214 1514 1266 salutaria
1566 1213 1831 1282 praesidia

66 1307 108 1340 15
132 1287 456 1358 mitigarint,
506 1287 804 1340 laboriosos
850 1306 1111 1357 pauperes
1158 1287 1352 1340 misero
1403 1305 1561 1341 onere
1606 1306 1828 1356 pauper-

131 1361 260 1414 tatis
323 1379 605 1430 oppressos
668 1366 721 1415 et
776 1362 1101 1431 quottidiani
1162 1362 1364 1415 laboris
1429 1362 1830 1415 continuatione

133 1439 412 1504 quassatos
450 1436 688 1504 perficiet
725 1436 830 1489 ista
869 1436 1193 1505 coniunctiO,
1230 1439 1293 1489 ut
1331 1436 1685 1504 quottidianis
1718 1454 1831 1489 cor-

132 1510 282 1577 poris
326 1510 600 1563 laboribus
646 1510 841 1563 misera
879 1511 1021 1563 vitae
1059 1512 1315 1563 alimenta
1355 1514 1692 1579 quaerantur.
1771 1509 1833 1563 Si.

130 1584 328 1653 ve<ro>
365 1583 509 1636 hunc
555 1585 783 1637 eundem
828 1586 1009 1638 locum
1048 1584 1192 1637 Mars
1240 1585 1304 1637 de
1352 1585 1611 1637 diametro
1654 1603 1829 1653 respe-

63 1679 105 1710 20
128 1658 281 1727 xerit,
322 1657 552 1711 Saturno
594 1659 650 1711 in
688 1657 803 1712 MC.
844 1660 956 1712 sive
995 1659 1051 1710 in
1081 1658 1224 1712 IMG.
1265 1663 1357 1711 aut
1395 1663 1538 1711 certe
1576 1659 1633 1710 in
1670 1658 1833 1711 horo—

131 1749 293 1801 scopo
343 1733 640 1786 constituto
650 1776 664 1802 ,
712 1735 927 1802 sintque
974 1752 1159 1786 omnes
1198 1732 1413 1802 (Iovis)
1453 1733 1633 1785 divino
1681 1734 1832 1786 testi—

130 1806 311 1859 monio
352 1806 611 1876 destituti,
650 1825 770 1859 cum
808 1807 1249 1877 praecedentibus
1289 1807 1445 1860 malis
1480 1807 1685 1877 publici
1717 1826 1833 1860 car—

130 1881 264 1934 ceris
306 1881 550 1934 custodia
588 1885 642 1933 et
678 1882 849 1934 ferrea
895 1882 1252 1934 decernuntur
1289 1882 1503 1934 vincula
1554 1881 1829 1950 [carceris]

128 1957 447 2008 catenarum.
526 1954 584 2007 Si
628 1974 753 2008 vero
800 1956 886 2008 his
933 1955 1008 2008 sic
1056 1956 1365 2009 constitutis
1409 1957 1623 2025 plenam
1669 1956 1827 2008 lumi-

62 2049 104 2082 25
126 2028 288 2081 nibus
334 2029 543 2082 Lunam
590 2028 834 2099 Iuppiter
880 2030 1129 2083 clementi
1174 2031 1472 2082 radiatione
1519 2032 1830 2099 respexerit,

128 2106 252 2170 post
283 2103 482 2156 multos
515 2102 724 2157 labores
757 2108 811 2157 et
837 2107 963 2173 post
987 2105 1158 2156 multa
1182 2104 1490 2157 discrimina
1512 2103 1823 2156 liberantur.

250 2225 272 2261 1
299 2220 406 2263 add.
432 2222 457 2271 ζ
489 2222 495 2275 Ι
530 2220 732 2277 gemitus
758 2220 1074 2276 strepitusque
1098 2223 1138 2263 Δ
1171 2221 1301 2264 Num
1324 2221 1405 2265 hoc
1427 2225 1541 2265 recte
1562 2235 1607 2264 se
1629 2222 1761 2265 habet
1783 2226 1825 2264 et

127 2283 233 2322 ante
257 2278 427 2321 acerba
450 2280 740 2323 inserendum
763 2282 875 2323 tunc
899 2278 924 2322 ‚9
936 2281 960 2331 ζ
1072 2285 1097 2322 2
1131 2279 1250 2339 (et)
1276 2280 1445 2324 acerba
1468 2298 1496 2323 κ
1611 2284 1635 2322 6
1669 2279 1829 2323 fuerat

126 2338 184 2395 N]
215 2336 357 2381 fuerit
479 2342 503 2381 7
530 2338 672 2382 fuerit
695 2353 808 2383 corr.
835 2345 860 2392 ζ
881 2340 979 2395 (del.
1006 2340 1050 2394 κ)
1078 2340 1085 2395 Ι
1111 2339 1160 2381 in
1183 2341 1344 2396 septies
1369 2340 1475 2383 add.
1500 2343 1564 2394 N;
1595 2341 1647 2383 in
1670 2340 1822 2383 arche-

126 2417 234 2468 typo
258 2418 451 2467 apparet
471 2413 590 2470 siyla
613 2413 755 2466 fuisse
777 2414 844 2457 sic
865 2414 980 2468 fere:
1011 2412 1068 2457 V?
1083 2422 1167 2451 a-
1210 2418 1246 2453 Θ
1263 2409 1336 2462 82³·
1378 2407 1418 2464 Ε(
1437 2414 1526 2469 m,-
1566 2407 1599 2466 D
1621 2409 1694 2461 (Ω).
1727 2419 1827 2466 etc,

127 2476 260 2526 atque
291 2473 358 2515 ita
390 2473 527 2516 etiam
561 2472 816 2516 Firmicum
846 2474 1078 2529 scmspsisse
1110 2474 1344 2518 credimus.
1491 2478 1516 2516 9
1551 2474 1599 2516 et
1629 2474 1735 2516 add.
1769 2477 1826 2526 A,

126 2575 289 2618 archet.
322 2575 484 2619 habuit
515 2567 547 2627 ῼ
576 2566 606 2627 ἔ
631 2575 674 2618 Π
797 2580 849 2618 11
883 2575 1009 2619 Mars
1038 2578 1104 2634 Γ]
1138 2575 1216 2620 Sol
1248 2532 1526 2620 Dvffigrgln
1648 2582 1701 2621 15
1735 2577 1824 2619 mi-

126 2646 251 2676 seros
284 2636 372 2676 AG
508 2639 561 2678 17
595 2634 821 2678 cotidiani
852 2637 891 2678 Δ
1034 2640 1087 2679 18
1119 2636 1316 2679 miserae
1349 2639 1389 2679 Δ
1514 2641 1568 2680 19
1601 2638 1706 2680 add.
1733 2651 1760 2678 a

127 2697 182 2735 20
216 2694 414 2736 Saturno
551 2694 804 2737 constituto
836 2695 883 2752 a]
924 2694 1174 2739 Saturnum
1312 2696 1616 2739 constitutum
1653 2699 1700 2740 Γ
1738 2695 1818 2739 Sa-

124 2752 288 2794 turnus
314 2785 324 2795 .
344 2786 353 2795 .
374 2786 384 2796 .
410 2753 655 2796 constituti
679 2755 718 2796 A
759 2757 765 2809 Ι
804 2753 918 2812 sive]
945 2758 1028 2798 aut
1050 2759 1089 2796 N
1211 2760 1264 2798 21
1299 2755 1405 2798 add.
1430 2759 1469 2796 N
1493 2755 1637 2811 (omni
1663 2755 1823 2800 divino

125 2813 198 2865 σζ)
320 2815 375 2854 23
410 2812 669 2855 custodiam
702 2826 814 2857 corr.
841 2815 864 2865 ζ
892 2815 970 2858 sed
993 2815 1143 2870 possis
1174 2819 1215 2858 et
1246 2813 1502 2857 decernunt
1558 2816 1564 2870 Ι
1622 2814 1704 2859 del.
1731 2831 1758 2858 a

125 2873 179 2910 ‘26
212 2869 381 2927 multa]
421 2870 673 2914 multorum
705 2874 744 2914 A
786 2873 909 2916 unde
946 2874 1199 2917 multorum
1232 2872 1613 2931 (periculorum)
1645 2876 1670 2926 ζ
1705 2874 1822 2931 (dis—

125 2928 368 2971 criminum
401 2932 455 2971 m
