2066 3192
55 961 96 994 10

0 1318 94 1365 ἰδ

53 1705 95 1737 20

54 2076 94 2109 25

815 150 857 194 V
890 155 930 206 1,
955 162 1115 195 11—16.
1772 152 1806 203 9

122 290 332 341 semper
379 272 666 341 ingenuus,
711 270 914 323 habens
959 269 1183 323 liberam
1229 273 1573 339 potestatem,
1620 274 1673 324 et
1716 272 1807 340 qui

123 346 277 415 [non]
317 346 373 398 in
413 345 661 398 omnibus
700 345 938 398 malitiae
976 343 1123 397 virus
1171 347 1433 415 exerceat3
1487 345 1706 398 iubendi
1757 349 1810 398 et

122 419 419 488 imperandi
457 422 584 471 vota
622 419 902 488 concipiet,
941 418 1175 488 propriis
1213 419 1490 471 laboribus
1530 420 1808 488 acquirens

121 493 450 546 substantiae
481 493 804 547 facultatem.
857 491 962 545 Sed
994 492 1041 544 si
1071 492 1215 545 Mars
1247 493 1305 545 in
1334 492 1439 546 hoc
1470 493 1656 546 eodem
1687 493 1808 547 loco

121 568 385 636 partiliter
421 567 584 620 fuerit
622 568 887 635 inventus,
926 570 1020 619 aut
1053 565 1146 620 Sol
1178 584 1300 619 eum
1339 566 1518 635 ipsum
1552 567 1810 636 quadrata

120 643 205 695 vel
243 642 501 695 diametra
538 642 835 694 radiatione
866 641 1174 709 respexerit,
1206 641 1543 694 omnifariam
1583 641 1810 712 denegat

120 717 276 769 filios
347 714 404 769 Si
451 734 577 768 vero
624 714 867 786 Iuppiter
913 715 1075 768 simili
1123 714 1282 767 modo
1329 715 1493 768 fuerit
1545 715 1810 784 inventus,

119 808 280 843 unam
321 789 471 842 dabit
507 790 690 843 filiam.
763 789 820 843 Si
858 788 974 841 MC.
1011 789 1067 841 in
1106 789 1282 842 Tauro
1321 789 1485 842 fuerit
1517 790 1810 860 inventum,
1830 792 1899 844 14

119 864 342 918 habebit
379 864 547 916 vitam
593 865 649 916 in
695 865 813 917 loco
852 863 1070 934 publico
1111 866 1205 916 aut
1242 863 1301 916 in
1338 864 1556 933 templo.
1625 863 1808 917 Matri-

120 938 361 991 monium
399 956 525 992 vero
566 938 846 992 contrahet
878 956 999 991 cum
1031 937 1253 990 muliere
1284 938 1447 991 vidua
1478 941 1571 990 aut
1602 938 1668 990 ab
1702 939 1807 992 alio

120 1016 362 1082 stuprata
409 1016 502 1065 aut
552 1013 791 1065 subiecta
836 1015 890 1065 et
937 1011 1143 1064 servilis
1192 1011 1519 1065 condicionis
1566 1015 1658 1071 aut
1705 1031 1810 1066 anu

119 1091 212 1140 aut
251 1105 386 1156 quae
425 1086 642 1156 publica
679 1088 925 1157 pulsetur
963 1087 1199 1154 infamia,
1238 1090 1292 1138 et
1323 1087 1444 1154 (ei)
1482 1106 1514 1139 a
1551 1088 1809 1155 potentis-

120 1162 254 1214 simo
316 1163 432 1214 viro
494 1160 668 1215 honor
731 1161 995 1214 maximus
1058 1160 1375 1214 conferetur.
1451 1160 1575 1214 Erit
1628 1165 1808 1215 autem

120 1235 359 1289 omnium
388 1254 567 1288 rerum
602 1235 864 1305 [in]sciUS,
898 1238 950 1288 et
980 1235 1321 1288 incrementis
1353 1253 1640 1304 prosperae
1670 1235 1778 1288 for·
1803 1247 1980 1292 s01.56²'I

119 1314 280 1363 tunae
325 1310 628 1363 laetabitur.
708 1309 766 1363 Si
812 1310 869 1362 in
915 1308 1155 1378 Aquario
1201 1309 1364 1362 fuerit
1415 1327 1651 1379 occasuS,
1698 1311 1810 1363 vita
1831 1310 1898 1364 15

120 1385 232 1437 eius
273 1387 325 1437 et
364 1388 650 1455 augmenta
689 1402 899 1453 semper
935 1383 1157 1437 habebit
1189 1387 1241 1437 et
1274 1384 1478 1437 damna.
1540 1383 1664 1438 Erit
1694 1403 1790 1456 gra

119 1462 220 1526 tus,
252 1478 455 1508 *****
498 1459 590 1511 sed
636 1459 693 1511 in
740 1459 1059 1528 quibusdam
1106 1459 1265 1511 rebus
1311 1459 1585 1528 probatur.
1650 1458 1707 1512 Si
1753 1460 1810 1512 in

120 1532 414 1602 Scorpione
453 1531 593 1586 IMO.
634 1534 796 1586 fuerit
834 1533 1127 1602 inventum,
1165 1532 1388 1586 habebit
1425 1532 1553 1601 (in)
1592 1534 1810 1602 quibus-

121 1607 241 1660 dam
287 1607 519 1677 negotiis
566 1607 944 1677 principatum.
1008 1606 1210 1670 Quodsi
1250 1607 1396 1660 Mars
1442 1608 1588 1661 hunc
1629 1609 1808 1662 locum

119 1699 453 1752 quacumque
506 1682 803 1735 radiatione
857 1682 1172 1751 respexerit,
1226 1681 1399 1750 (erit)
1453 1682 1507 1734 in
1571 1683 1811 1736 custodia

119 1755 405 1825 aliquando
468 1756 561 1809 sed
621 1756 802 1810 libera.
888 1755 1090 1819 Quodsi
1146 1755 1290 1809 Mars
1353 1757 1428 1809 sic
1485 1758 1693 1825 positus
1755 1758 1811 1810 in

119 1831 382 1884 matutino
431 1833 552 1882 ortu
599 1831 765 1884 fuerit
810 1831 1075 1899 inventus,
1114 1830 1372 1884 militabit
1410 1834 1503 1884 aut
1541 1849 1810 1885 armorum

120 1906 221 1958 erit
259 1905 613 1975 praepositUS,
659 1906 751 1959 sed
798 1906 853 1957 in
894 1905 1158 1958 extraneis
1199 1908 1252 1958 et
1290 1905 1584 1976 peregrinis
1623 1907 1810 1959 morie-

118 1983 207 2032 tur
243 1980 393 2047 locis,
431 1979 711 2049 repentina
750 1982 843 2032 aut
881 1980 1118 2032 violenta
1155 1983 1328 2032 morte
1365 1983 1682 2049 prostratus

231 2053 668 2123 [Horoscopus
715 2054 779 2107 in
819 2052 1118 2124 Virgine]
1199 2052 1255 2106 Si
1302 2054 1359 2106 in
1389 2053 1614 2124 Virgine
1651 2055 1809 2108 horo·
1830 2055 1896 2107 16

120 2146 314 2197 scopus
352 2128 518 2180 fuerit
555 2128 820 2196 inventuS,
853 2128 955 2180 erit
993 2127 1178 2180 multis
1216 2099 1522 2182 laboribus*
1531 2132 1584 2181 et
1621 2129 1808 2181 multis

121 2201 572 2255 soHicitudinibus
627 2201 931 2271 inplicatus,
987 2202 1078 2255 sed
1132 2202 1216 2254 cui
1273 2202 1522 2255 divinitas
1576 2205 1663 2256 vel
1715 2221 1811 2272 per

121 2276 388 2329 somnium
450 2275 534 2329 vel
592 2276 772 2346 aliqua
823 2276 1195 2345 hariolatione,
1248 2280 1339 2328 aut
1399 2280 1539 2330 certe
1593 2294 1808 2346 respon-

241 2427 262 2466 1
296 2422 503 2466 habendi
534 2436 646 2467 corr.
673 2425 698 2474 ζ
719 2422 914 2479 (habens
938 2421 1126 2466 vivendi
1156 2423 1226 2467 vel
1252 2424 1387 2468 simil.
1415 2425 1456 2479 σ)
1572 2428 1597 2466 2
1629 2424 1713 2468 del.
1741 2437 1765 2468 σ
1800 2424 1804 2482 Ι

118 2481 243 2525 virus
268 2482 322 2584 GP
353 2481 503 2525 virum
526 2484 610 2525 AB
650 2481 770 2525 vires
794 2481 846 2524 A‘
858 2486 888 2524 0
924 2482 929 2540 1
964 2482 1158 2526 iubendi
1184 2482 1229 2541 σ]
1267 2482 1453 2527 vivendi
1574 2487 1601 2525 4
1642 2482 1730 2526 Sed
1763 2485 1810 2527 et

120 2540 159 2584 si
183 2544 223 2585 Δ
261 2541 265 2599 Ι
322 2541 424 2599 oco]
457 2541 712 2597 horoscopo
740 2543 788 2585 Γ
872 2545 897 2584 5
929 2541 1166 2598 partiliter
1197 2556 1279 2586 om.
1299 2544 1339 2585 Δ
1376 2542 1381 2600 Ι
1418 2555 1523 2585 eum
1554 2542 1708 2598 ipsum
1733 2543 1807 2600 σζ]

121 2614 223 2644 cum
247 2600 402 2657 ipsum
429 2602 476 2644 Γ
501 2614 606 2644 cum
631 2599 868 2644 Saturno
855 2614 1009 2657 lpsum
1033 2603 1074 2645 Δ
1100 2607 1222 2669 (cum
1247 2601 1329 2646 del.
1356 2603 1401 2658 κ)
1506 2606 1556 2644 11
1593 2603 1808 2658 strupata

120 2662 226 2703 ΔΟ·
339 2664 393 2703 12
427 2660 532 2703 add.
559 2662 584 2711 ζ
606 2665 713 2715 post
741 2659 890 2703 honor
921 2673 945 2703 σ
976 2674 1032 2704 ex
1064 2665 1099 2702 G
1130 2661 1211 2717 qui
1241 2660 1466 2704 honorum
1584 2665 1637 2703 14
1670 2661 1753 2705 del
1779 2679 1806 2705 κ

119 2720 171 2763 cl.
198 2722 271 2773 13,
293 2731 339 2761 22
368 2718 536 2762 iustius
563 2723 635 2761 Gv
671 2718 840 2762 insitus
874 2723 904 2762 0
1058 2724 1111 2763 16
1146 2720 1192 2763 et
1224 2734 1307 2764 om.
1338 2722 1384 2763 Γ
1428 2720 1432 2756 ἴ
1483 2722 1619 2776 gratu
1647 2722 1695 2763 Γ

123 2781 175 2820 17
202 2779 285 2823 lac.
298 2782 401 2823 stat
421 2778 466 2836 ζΙ
494 2780 791 2846 prosperatur
807 2782 844 2820 A
867 2778 1203 2835 improbaturx
1290 2783 1343 2822 18
1369 2779 1471 2823 add
1491 2794 1517 2821 a
1603 2783 1656 2822 19
1681 2779 1806 2835 prin-

122 2837 329 2894 cipatum
359 2837 542 2895 DEGv]
581 2837 862 2893 principium
899 2840 987 2881 PH
1108 2843 1160 2881 21
1203 2839 1310 2882 add.
1344 2852 1369 2881 σ
1405 2840 1678 2895 (exponetur
1708 2840 1750 2894 a)
1796 2839 1801 2896 Ι

122 2895 188 2938 sic
210 2896 335 2939 Mars
359 2901 438 2939 DE
524 2901 580 2939 23
605 2909 818 2953 praepos.
838 2897 926 2940 erit
949 2901 1028 2939 DE
1113 2902 1168 2940 25
1196 2898 1354 2941 lemma
1378 2911 1461 2941 om.
1480 2899 1519 2940 A
1605 2900 1662 2940 28
1687 2911 1805 2941 som-

122 2954 250 2998 nium
281 2956 327 3013 a]
360 2955 566 2999 omniurn
598 2955 797 3013 (somnia
823 2962 857 2998 D
867 2955 898 3013 ²)
927 2958 933 3013 Ι
960 2955 1270 3000 hariolatione
1302 2956 1381 3014 κσ]
1422 2955 1713 3000 laboratione
