2100 3186
223 646 253 698 7

273 150 378 204 198
701 152 706 158 ·
1004 140 1233 186 FIRMICI

271 272 437 324 micos
487 265 859 335 frequentibus
910 263 1210 316 rationibus
1259 262 1420 314 faciet
1467 263 1728 332 dissipari.
1806 262 1963 326 Quod

272 346 319 397 si
369 344 425 395 in
472 340 718 412 genitura
765 337 1013 407 quadrati
1059 336 1144 389 vel
1191 336 1439 388 diametri
1487 337 1591 389 sibi
1638 338 1806 391 iuncti
1851 338 1963 390 fue-

271 419 396 486 rint,
446 413 830 468 maleficiorum
879 411 965 464 vel
1014 411 1285 463 adulterae
1334 412 1590 479 pecuniae
1637 411 1838 464 crimen
1884 412 1962 464 in-

274 493 475 559 dicunt,
513 488 829 558 praesertim
870 485 915 537 si
953 485 1249 537 Mercurius
1289 485 1347 536 in
1384 485 1581 537 finibus
1619 484 1838 538 Saturni
1876 486 1963 538 vel

273 567 327 618 in
370 566 527 617 domo
567 561 730 614 fuerit
767 560 1031 612 inventus,
2009 581 2030 615 5

387 638 444 691 Si
482 637 626 690 Mars
666 638 969 703 temporum
1009 632 1257 685 dominus
1296 632 1460 684 fuerit
1500 634 1734 703 effectuS,
1774 651 1840 685 ex
1879 635 1963 687 de-

212 769 216 771 ,
273 714 462 766 cennio
503 728 598 763 suo
639 709 822 764 Lunae
860 706 1015 760 XXV
1055 707 1276 775 deputat
1314 724 1535 759 menses.
1608 706 1742 759 Cum
1781 708 1963 778 itaque

270 787 423 840 Luna
471 786 785 854 deputatum
833 781 938 834 sibi
984 800 1014 833 a
1053 781 1224 833 Marte
1271 783 1483 849 tempus
1531 782 1810 851 acceperit,
1855 802 1967 836 ma-

271 863 417 914 xima
477 858 840 929 periculorum
903 854 1212 908 discrimina
1271 854 1435 907 faciet
1496 873 1704 925 semper
1764 856 1965 928 inferri,

272 933 587 1005 praesertim
622 933 667 984 si
697 931 849 983 Luna
879 929 1043 982 fuerit
1072 929 1232 998 plena
1262 928 1568 982 luminibus.
1642 929 1792 982 Tunc
1823 932 1964 984 enim
1990 951 2033 984 ιο

271 1009 572 1079 periculosa
623 1006 979 1059 decernuntur
1028 1006 1330 1072 temporum
1381 1004 1574 1072 spatia,
1628 1007 1755 1056 ωηο
1805 1005 1966 1076 fugae

271 1088 401 1136 ωηο
442 1082 602 1135 exilia
641 1086 770 1133 tunc
809 1078 1003 1130 misera
1040 1076 1401 1146 periculorum
1445 1077 1754 1130 discrimina
1793 1080 1966 1133 conci-

273 1162 471 1225 tantur,
511 1160 639 1209 ωηο
677 1153 922 1205 homines
963 1151 1207 1204 custodia
1246 1154 1340 1204 aut
1377 1151 1626 1220 publicus
1667 1170 1845 1206 carcer
1883 1172 1966 1206 ac-

269 1232 494 1301 cipiunt,
534 1234 661 1283 tunc
701 1227 946 1280 incendia
985 1229 1112 1278 ωηο
1150 1225 1324 1277 febres
1360 1228 1490 1278 tunc
1522 1243 1682 1295 grave
1715 1227 1966 1280 damnum

275 1324 396 1359 cum
451 1306 646 1357 misera
698 1300 1011 1371 patrimonii
1072 1299 1394 1351 laceratione
1455 1299 1779 1369 decernitur,
1840 1305 1968 1354 ωηο
1993 1321 2035 1354 15

273 1381 521 1449 gravium
561 1376 956 1447 aegritudinum
998 1391 1151 1426 casus
1193 1392 1402 1442 semper
1432 1374 1665 1427 affertur.
1738 1374 1891 1437 Quod
1924 1377 1968 1428 si

274 1454 331 1505 in
370 1454 620 1524 genitura
660 1451 773 1502 sine
805 1449 1114 1502 testimonio
1147 1446 1291 1500 Iovis
1324 1448 1571 1516 quadrati
1603 1448 1689 1501 vel
1721 1449 1969 1503 diametri

274 1528 489 1596 fuerint,
539 1530 668 1578 ωηο
719 1525 832 1575 sine
883 1522 1219 1574 dubitatione
1270 1525 1361 1574 aut
1414 1525 1688 1575 cruentam
1740 1528 1832 1576 aut
1880 1525 1971 1576 fle-

225 1602 441 1658 8bilem
497 1603 589 1653 aut
642 1597 975 1667 repentinam
1031 1599 1258 1648 mortem
1313 1595 1529 1648 faciunt.
1608 1595 1762 1658 Quod
1816 1599 1861 1650 si
1913 1599 1970 1650 in

276 1675 524 1746 genitura
565 1673 825 1726 Saturnus
867 1689 988 1723 cum
1027 1670 1179 1722 Luna
1218 1669 1382 1742 fuerit
1420 1670 1684 1740 inventus,
1724 1674 1777 1723 et
1817 1671 1968 1724 Luna
1993 1691 2037 1724 20

277 1770 307 1802 a
344 1750 518 1802 Marte
558 1748 872 1816 deputatum
913 1744 1016 1796 sibi
1055 1748 1267 1812 tempus
1307 1745 1591 1812 acceperit,
1640 1746 1801 1798 etiam
1842 1750 1970 1800 tunc

276 1824 465 1876 mortis
513 1822 729 1875 acerbae
777 1838 841 1871 ex
887 1817 1328 1888 praecedentibus
1377 1818 1627 1886 periculis
1675 1819 1972 1873 inferentur

249 1898 463 1966 exitia,
505 1914 639 1965 quae
677 1893 915 1963 pericula
945 1893 1115 1961 <pro>
1155 1892 1432 1961 signorum
1470 1894 1819 1946 varietatibus
1861 1913 1972 1948 sor-

231 2196 258 2248 1

277 1973 490 2024 tiuntur
529 1973 792 2023 eventum.

879 2082 1124 2136 XXXVI.
1174 2082 1368 2153 [son]
1995 2105 2039 2138 25

395 2191 452 2245 Si
486 2190 579 2244 Sol
619 2189 866 2242 dominus
907 2191 1212 2256 temporum
1251 2188 1429 2257 fuerit,
1470 2188 1525 2240 id
1561 2192 1641 2241 est
1680 2207 1799 2241 cum
1841 2191 1889 2243 ei
1921 2189 1972 2243 X

281 2284 543 2318 annorum
599 2267 650 2316 et
700 2262 775 2315 IX
827 2262 1090 2314 mensium
1143 2261 1306 2314 fuerit
1359 2262 1691 2332 assignatum
1744 2267 1974 2333 tempuS,

282 2342 460 2393 omnia
507 2340 667 2391 etiam
714 2339 768 2389 in
818 2337 934 2405 ipso
985 2354 1118 2404 quae
1165 2336 1222 2386 in
1269 2337 1457 2388 ceteris
1506 2336 1757 2406 diximus,
1809 2338 1973 2391 simili

400 2475 424 2513 2
459 2469 608 2513 iuncti
639 2469 718 2525 κσ]
754 2470 867 2510 ωηο
1019 2470 1043 2507 3
1079 2465 1370 2510 adulteratae
1403 2483 1429 2510 κ
1579 2472 1607 2510 4
1642 2467 1715 2511 vel
1747 2467 1972 2511 Saturnus

282 2534 362 2572 AB
496 2534 520 2571 9
556 2541 738 2583 semper
769 2541 851 2570 om.
886 2529 970 2567 AN
1104 2530 1155 2568 11
1190 2525 1396 2581 pericula
1427 2530 1511 2568 AN
1569 2530 1574 2582 1
1631 2526 1768 2583 fugas
1800 2541 1912 2571 corr.
1946 2543 1973 2570 a.

344 2593 396 2631 12
430 2587 638 2643 pericula
668 2589 713 2630 Γ
831 2589 883 2627 13
916 2584 965 2626 in
997 2583 1261 2628 custodiam
1291 2586 1374 2627 aut
1404 2585 1607 2640 publicis
1640 2586 1901 2629 carceribus
1931 2589 1970 2629 Δ

284 2653 337 2691 15
373 2647 581 2691 decernit
617 2648 663 2689 Γ
810 2647 863 2686 16
896 2643 1099 2698 gravitas
1134 2643 1378 2700 aegritudo
1411 2658 1522 2688 corr.
1557 2647 1581 2697 ζ
1619 2645 1789 2701 (gravis
1822 2645 1972 2701 aegri-

282 2706 500 2749 tudinum
532 2706 577 2762 a)
697 2708 748 2747 17
782 2700 1010 2759 genituris
1035 2704 1074 2744 Δ
1127 2706 1132 2756 1
1183 2702 1282 2746 sine
1314 2703 1357 2760 κ]
1391 2702 1441 2745 in
1564 2708 1618 2746 18
1652 2704 1750 2747 sine
1784 2704 1973 2747 dubita-

282 2766 410 2808 tione
442 2779 524 2808 om.
552 2766 590 2807 Δ
651 2766 656 2819 1
716 2766 797 2805 aut
827 2761 926 2818 alt]
960 2762 1005 2803 et
1036 2765 1116 2803 AD
1239 2766 1292 2803 23
1327 2763 1432 2806 add.
1459 2777 1488 2803 v
1609 2767 1663 2805 25
1697 2763 1856 2806 lemma
1887 2777 1970 2807 om.

284 2827 324 2867 A
358 2823 453 2879 (Sol
485 2822 746 2866 etii-micum
783 2823 845 2864 Γ.·
887 2820 1065 2864 videtur
1100 2822 1302 2876 payinae
1339 2822 1503 2865 titulus
1534 2821 1705 2864 Firmic
1725 2855 1734 2864 .
1754 2855 1763 2864 .
1796 2823 1847 2864 in
1879 2827 1974 2865 tex-

284 2889 379 2927 tum
403 2884 633 2937 irrepsisse
657 2883 714 2937 σ)’
807 2884 861 2923 26
896 2878 944 2921 si
969 2878 1047 2921 Sol
1070 2879 1126 2936 A]
1160 2879 1236 2922 Sol
1261 2879 1300 2922 si
1325 2882 1364 2922 A
1399 2880 1438 2922 si
1463 2894 1544 2925 om.
1565 2884 1643 2922 BG
1749 2884 1804 2923 28
1829 2880 1974 2924 etiam

290 2942 356 2999 Γ]
390 2943 437 2984 et
469 2944 507 2984 A
