2078 3174
212 85 319 138 154
940 83 1171 128 FIRMICI

117 207 190 259 21
324 204 382 258 Si
433 204 693 258 Saturnus
744 205 800 257 in
840 203 930 257 VI.
979 206 1044 259 ab
1094 204 1395 274 horoscopo
1445 207 1565 258 loco
1615 206 1779 258 fuerit
1823 205 1901 259 in-

212 284 417 346 ventuS‚
463 282 516 332 et
556 279 738 332 Venus
785 282 839 332 et
882 278 1177 332 Mercurius
1223 279 1280 330 in
1318 277 1438 332 XII.
1483 279 1551 332 ab
1598 279 1899 349 horoscopo

208 355 329 407 loco
370 354 476 406 sint
507 353 802 422 constituti,
841 356 894 405 et
923 353 983 405 hi
1014 371 1198 405 omnes
1231 352 1488 406 diametra
1519 371 1575 406 se
1606 353 1900 406 radiatione

208 429 482 496 pulsantes
537 430 761 496 aequata
813 427 1047 495 partium
1102 427 1356 480 societate
1404 427 1709 498 iungantur,
1761 426 1900 479 filias

209 521 331 554 suas
377 502 581 555 incesto
629 501 937 570 cupiditatis
985 501 1172 554 ardore
1219 501 1284 553 ad
1323 502 1754 555 coniunctionem
1793 502 1900 553 tori
1947 522 1966 554 5

210 576 434 646 genialis
480 576 760 628 associant.
838 573 943 628 Sed
989 578 1043 627 et
1089 575 1134 627 si
1179 574 1364 628 Venus
1410 578 1463 628 et
1505 574 1800 628 Mercurius
1847 578 1901 627 et

207 649 451 718 Iuppiter
490 649 760 702 domicilia
799 668 894 702 sua
930 649 1272 717 mutaverint,
1310 648 1415 702 hoc
1452 649 1593 701 idem
1630 649 1793 701 simili
1822 667 1902 701 ra-

191 724 355 776 tione
395 723 697 776 decernunt.

114 798 190 850 22
320 795 378 850 Si
423 798 481 850 in
518 796 611 849 XI.
658 797 724 850 ab
770 797 1070 866 horoscopo
1117 796 1237 850 loco
1279 796 1462 849 Venus
1509 801 1562 849 et
1604 796 1900 849 Mercurius

210 874 262 923 et
299 869 542 940 Iuppiter
580 875 634 923 et
669 870 928 924 Saturnus
969 871 1130 923 simul
1166 871 1366 924 fuerint
1402 870 1669 940 partiliter
1707 870 1901 923 consti·
1925 893 1968 924 ιο

207 945 335 1014 tuti,
389 949 443 998 et
497 963 679 998 omnes
731 949 956 1013 aequata
1006 946 1239 1013 partium
1292 944 1545 998 societate
1594 945 1902 1014 iungantur,

207 1037 399 1072 uxores
439 1019 515 1071 sic
553 1019 718 1088 positi
757 1019 977 1072 ancillas
1015 1014 1512 1089 potentissimorum
1544 1019 1782 1071 virorum
1818 1018 1902 1071 de-

208 1096 444 1146 cernunt.

113 1168 190 1220 23
321 1166 378 1219 Si
419 1166 680 1220 Saturnus
729 1171 781 1220 et
820 1166 1004 1220 Venus
1053 1166 1110 1220 in
1147 1166 1262 1219 MC.
1310 1169 1418 1220 sint
1463 1167 1733 1235 partiliter
1780 1163 1902 1220 con-

208 1241 399 1309 stituti,
440 1245 493 1294 et
531 1259 621 1294 eos
652 1240 897 1310 Iuppiter
932 1243 1082 1294 nulla
1116 1241 1410 1294 radiatione
1439 1240 1706 1310 respiciat,
1745 1243 1799 1293 et
1831 1240 1902 1292 sit
1924 1262 1970 1295 15>
2012 1303 2014 1308 ,

207 1315 444 1368 mulieris
475 1317 580 1368 ista
610 1317 871 1385 genitura,
910 1333 1032 1368 cum
1068 1315 1323 1368 eunuchis
1355 1315 1441 1367 vel
1473 1333 1595 1369 cum
1628 1313 1900 1368 sterilibus

206 1390 334 1443 viris
374 1390 635 1442 inefficaci
673 1389 915 1442 libidinis
957 1389 1248 1458 cupiditate
1288 1389 1609 1442 concumbit.

114 1465 192 1516 24
323 1462 380 1516 Si
426 1464 483 1516 in
522 1463 587 1516 V.
635 1464 701 1516 ab
748 1463 1048 1532 horoscopo
1095 1463 1215 1516 loco
1262 1463 1348 1516 vel
1385 1463 1443 1515 in
1487 1461 1576 1515 XI.
1617 1462 1800 1514 Venus
1848 1465 1900 1513 et

207 1536 450 1607 Iuppiter
494 1538 695 1606 pariter
742 1538 851 1590 sint
891 1538 1259 1607 (constituti),
1305 1541 1360 1590 et
1406 1555 1496 1590 eos
1534 1539 1685 1590 nulla
1721 1536 1900 1605 <beni-

207 1611 364 1680 vola>
403 1614 557 1664 stella
593 1630 658 1663 ex
689 1612 867 1681 aliqua
905 1615 1056 1681 parte
1095 1612 1359 1680 respiciat,
1399 1611 1643 1663 difficiles
1681 1610 1899 1679 nuptias
1925 1633 1966 1664 20

208 1689 300 1738 aut
340 1703 527 1755 graves
568 1686 856 1738 decernunt
894 1705 960 1738 ex
998 1686 1203 1754 nuptiis
1243 1686 1553 1754 simultates,
1593 1687 1654 1736 ut
1692 1702 1900 1753 semper

207 1759 410 1812 acerbis
458 1760 876 1812 dissensionibus
920 1759 1164 1828 inplicati
1203 1759 1377 1830 iurgia
1415 1760 1556 1811 inter
1593 1777 1647 1811 se
1689 1757 1897 1827 [simul]

207 1834 473 1903 malignae
513 1834 802 1886 simultatis
843 1837 1134 1886 exerceant.

111 1907 188 1960 25
319 1907 377 1959 Si
413 1907 557 1960 Mars
597 1911 650 1959 et
687 1907 1018 1977 horoscopus
1067 1907 1334 1975 aequabili
1371 1907 1607 1976 partium
1647 1906 1899 1959 societate

207 1982 511 2052 iungantur,
560 1981 697 2049 <et>
733 1981 789 2033 in
840 1982 999 2034 domo
1050 1980 1194 2034 Iovis
1243 1981 1444 2033 fuerint
1495 1979 1791 2048 constituti,
1845 1983 1900 2031 et
1922 2001 1964 2034 25

208 2055 433 2107 Martem
484 2059 536 2107 et
581 2055 939 2124 horoscopum
985 2054 1245 2107 Saturnus
1291 2056 1558 2124 trigonica
1603 2054 1898 2106 radiatione

206 2130 470 2197 respiciat,
510 2131 563 2182 et
593 2129 746 2182 Luna
786 2131 855 2182 sit
894 2130 952 2181 in
988 2129 1297 2182 novissimis
1337 2128 1623 2196 horoscopi
1654 2128 1899 2196 partibus

204 2204 513 2270 constituta,
551 2204 609 2255 hi
649 2205 741 2271 qui
778 2204 926 2273 (sic)
963 2203 1060 2256 has
1101 2205 1283 2256 stellas
1322 2202 1607 2255 habuerint
1648 2205 1741 2254 aut
1777 2219 1897 2253 cum

327 2412 351 2449 3
378 2406 597 2451 collocati
619 2410 658 2450 Δ
688 2410 695 2464 Ι
723 2421 771 2451 se
796 2407 933 2450 diam.
959 2412 994 2449 D
1027 2421 1074 2450 se
1100 2422 1183 2451 om.
1209 2412 1248 2449 N
1361 2412 1388 2449 4
1412 2407 1560 2462 partis
1585 2409 1625 2450 Δ
1734 2410 1759 2449 5
1787 2419 1892 2449 con-

202 2466 494 2510 iunctionem
527 2467 587 2524 Δ]
621 2467 963 2510 contentionem
999 2469 1046 2509 Γ
1086 2466 1456 2510 communionem
1488 2480 1514 2509 σ
1559 2464 1842 2509 consortium
1874 2467 1899 2515 ζ

268 2530 292 2568 6
326 2525 570 2569 adsociant
604 2526 670 2582 Γ]
720 2525 953 2568 adducent
984 2528 1024 2568 Δ
1084 2527 1089 2580 1
1145 2525 1322 2581 Iupiter
1361 2527 1408 2568 et
1446 2524 1702 2568 Mercurius
1735 2526 1774 2567 A

209 2589 231 2626 7
265 2584 494 2642 Iuppiter]
528 2583 753 2628 Saturnus
785 2587 809 2636 ζ
950 2589 974 2626 9
1007 2584 1092 2627 XII
1122 2587 1161 2628 A
1308 2587 1363 2627 10
1394 2583 1631 2639 partiliter
1661 2589 1766 2627 ante
1796 2582 1895 2624 fue-

205 2642 302 2685 rint
320 2658 428 2699 pon.
453 2648 489 2685 Ι)
514 2658 597 2687 om.
619 2645 665 2687 Γ
782 2649 834 2686 11
868 2643 1074 2699 partium
1099 2643 1206 2701 AA]
1230 2643 1465 2699 partiliter
1487 2646 1566 2684 BG
1690 2647 1742 2684 12
1775 2641 1894 2684 viro-

206 2716 309 2744 rum
340 2704 393 2759 N]
431 2701 628 2745 divitum
750 2706 803 2745 19
836 2702 943 2746 add.
976 2704 1000 2754 ζ
1047 2704 1052 2757 Ι
1102 2703 1210 2746 add.
1243 2715 1268 2745 6
1389 2706 1442 2744 21
1476 2704 1530 2745 ut
1557 2701 1621 2756 P]
1657 2703 1704 2744 et
1735 2703 1774 2743 A

207 2765 262 2802 22
296 2761 417 2804 inter
442 2774 490 2804 se
514 2762 575 2819 A]
608 2760 716 2804 lites
741 2765 819 2803 AB
851 2760 959 2804 lites
983 2761 1105 2804 inter
1130 2775 1177 2804 se
1202 2765 1237 2803 G
1279 2767 1284 2814 Ι
1326 2761 1409 2804 del.
1435 2776 1463 2802 a
1591 2763 1646 2802 23
1680 2760 1894 2802 exercent

202 2832 320 2863 corr.
346 2823 370 2871 ζ
495 2825 552 2863 24
583 2822 630 2863 et
660 2820 942 2875 horoscopus
967 2820 1028 2877 A]
1062 2835 1167 2863 cum
1190 2820 1446 2876 horoscopo
1475 2821 1521 2862 Γ
1564 2821 1571 2875 Ι
1618 2818 1767 2874 partis
1793 2819 1832 2860 A

206 2883 264 2920 25
296 2879 550 2935 iungantur
582 2879 687 2936 AA]
720 2878 943 2935 iungatur
974 2883 1052 2921 BG
1109 2882 1114 2934 Ι
1173 2878 1278 2922 add.
1311 2893 1341 2920 v
1461 2881 1517 2920 28
1550 2878 1655 2922 add.
1688 2880 1714 2929 ζ
