2066 3192
825 130 865 172 V
899 134 938 184 1,
964 142 1123 174 16—81.
1753 132 1815 183 ll

136 252 238 304 erit
282 250 414 304 felix
459 254 513 304 et
550 251 669 319 <ei>
709 270 739 302 a
787 251 896 304 suis
944 250 1247 303 substantia
1293 250 1618 319 conferetur,
1666 254 1719 303 et
1773 251 1821 304 ei

135 325 353 395 plurimi
391 325 745 378 blandientur.
807 324 930 378 Erit
969 324 1216 377 omnibus
1255 326 1416 376 notus
1425 367 1438 394 ,
1479 324 1580 378 diis
1621 325 1820 396 gratias

134 418 233 469 pro
275 417 369 452 sua
406 399 662 452 felicitate
700 398 1003 467 restituens,
1042 401 1134 451 aut
1172 399 1221 450 ei
1262 416 1411 452 sacra
1449 399 1664 467 publica
1711 417 1821 452 cre—

136 475 341 527 dentur.
399 472 661 526 Filiorum
701 491 826 526 vero
866 473 1121 526 felicitate
1157 471 1464 542 laetabitur,
1497 476 1549 525 et
1582 474 1820 526 dolorem

91 569 110 602 5
135 548 454 601 amissorum
515 547 751 600 filiorum
813 565 997 601 rursus
1053 547 1370 615 <sus>cepta
1430 546 1575 600 felici
1636 548 1820 601 sobole

134 622 428 693 mitigabit3
474 621 576 674 erit
622 621 688 674 ad
736 621 915 674 omnia
961 624 1135 690 aptuS,
1183 619 1283 674 erit
1330 622 1490 673 etiam
1539 621 1727 674 doctus
1768 626 1821 675 et

134 696 394 767 agilitatis
433 695 691 748 felicitate
728 696 1055 765 perspicuus.

246 769 683 840 [Horoscopus
723 770 785 821 in
824 769 1055 839 Libra]
1119 768 1176 822 Si
1207 769 1537 838 horoscopus
1570 771 1627 822 in
1657 770 1820 823 Libra
1841 773 1906 825 19

134 844 297 898 fuerit
342 845 606 908 inventuS,
652 843 874 897 habebit
919 843 1308 915 aegritudinem
1354 847 1407 896 et
1451 843 1639 896 multis
1683 845 1820 913 peri-

68 941 111 973 ιο
135 920 376 972 culorum
422 917 627 987 laqueis
675 918 1034 989 inplicabitur,
1080 922 1134 971 et
1180 918 1389 971 assidue
1436 919 1590 971 illum
1637 919 1821 971 adver·

135 994 396 1046 sariorum
436 993 593 1045 turba
631 992 882 1062 pulsabit,
922 996 976 1046 et
1015 993 1078 1045 de
1115 993 1254 1045 veris
1295 1010 1357 1046 ac
1395 992 1630 1046 definitis
1662 993 1819 1046 rebus

134 1067 355 1120 habebit
408 1068 744 1120 contentiosa
795 1067 1099 1121 certamina.
1180 1066 1487 1138 Religiosus
1539 1085 1664 1121 sane
1720 1067 1821 1120 erit

134 1146 188 1195 et
219 1143 394 1195 cultor
427 1142 662 1210 deorum,
703 1142 796 1194 sed
835 1141 988 1195 cuius
1026 1142 1138 1195 vita
1178 1141 1579 1210 inaequalitatis
1612 1160 1821 1210 semper

133 1216 389 1270 varietate
440 1218 690 1269 mutetur.
763 1215 868 1269 Sed
914 1216 972 1269 in
1022 1215 1272 1269 omnibus
1328 1216 1561 1268 invictus
1618 1217 1721 1268 erit
1769 1220 1823 1268 et
1904 1231 1907 1233 ’

70 1312 109 1345 15
134 1290 258 1344 talis
297 1294 358 1343 ut
398 1291 454 1343 in
491 1292 642 1343 nulla
679 1309 736 1343 re
774 1291 1020 1343 videatur
1058 1309 1171 1344 esse
1217 1290 1499 1360 posterior,
1538 1290 1820 1361 gloriosus,

135 1365 238 1419 Sed
290 1365 440 1418 locus
492 1365 727 1418 filiorum
790 1366 891 1418 erit
936 1365 1227 1433 mutabiliS,
1271 1383 1395 1417 nam
1434 1383 1732 1433 numquam
1774 1366 1822 1418 ei

134 1441 342 1511 integer
392 1457 646 1492 numerus
699 1439 934 1492 filiorum
987 1407 1304 1508 perseverat.
1383 1438 1504 1492 Erit
1549 1439 1672 1491 talis
1728 1441 1822 1508 qui

134 1515 191 1566 in
238 1514 485 1566 omnibus
532 1516 738 1567 rectum
785 1514 915 1566 velit
961 1514 1158 1567 habere
1203 1513 1476 1582 iudicium,
1525 1514 1719 1566 divinis
1769 1518 1822 1567 et

135 1588 451 1641 caelestibus
497 1588 851 1658 religionibus
907 1588 1155 1641 serviens.
1237 1587 1294 1640 Si
1348 1587 1404 1640 in
1454 1586 1657 1642 Cancro
1705 1587 1819 1641 MC.
1838 1591 1910 1643 20

67 1684 110 1718 πο
133 1663 297 1716 fuerit
342 1662 635 1731 inventum,
682 1662 783 1715 erit
831 1662 1080 1733 gloriosis
1128 1662 1450 1732 quibusdam
1488 1662 1696 1716 actibus
1737 1681 1820 1716 oc-

133 1739 371 1806 cupatus,
448 1735 511 1790 In
556 1738 676 1790 loco
725 1736 978 1807 religioso
1027 1741 1119 1789 aut
1165 1737 1223 1790 in
1267 1736 1499 1806 publicis
1538 1738 1820 1805 nutrietur,

134 1814 187 1864 et
226 1811 279 1864 in
327 1814 597 1865 senectute
645 1810 877 1864 maxima
923 1810 1005 1865 illi
1052 1811 1254 1882 gloriae
1302 1812 1650 1864 conferuntur
1697 1812 1821 1864 insi-

134 1886 274 1956 gnia,
305 1885 380 1938 ita
410 1889 472 1938 ut
503 1885 855 1938 novissimum
886 1885 1027 1938 vitae
1056 1889 1269 1955 tempus
1312 1885 1612 1938 nobilitatis
1646 1886 1821 1956 splen-

134 1960 352 2014 doribus
385 1960 687 2013 adornetur.
746 1959 868 2011 Erit
900 1960 957 2012 in
988 1964 1260 2013 senectute
1293 1960 1541 2028 copiosus
1573 1961 1819 2030 pecunio-

66 2056 108 2089 25
134 2053 224 2087 sus
263 2037 315 2086 et
363 2034 523 2102 dives,
563 2038 617 2086 et
660 2035 710 2087 ei
750 2051 1004 2102 processu
1046 2034 1304 2104 temporis
1343 2035 1606 2105 gradatim
1648 2035 1820 2094 omnis

134 2108 433 2162 substantia
478 2108 754 2161 felicitatis
801 2108 1023 2177 aceedit3
1069 2108 1218 2161 tarde
1266 2112 1620 2177 consequetur
1665 2108 1820 2176 filios,

134 2186 226 2235 aut
259 2201 423 2235 unum
455 2182 678 2235 habebit
709 2182 894 2234 filium.
953 2181 1056 2235 Sed
1088 2184 1133 2235 si
1165 2183 1344 2235 locum
1378 2183 1543 2236 istum
1574 2181 1821 2253 Iuppiter

134 2256 314 2326 aliqua
345 2257 637 2310 radiatione
669 2256 974 2325 respexerit,
1007 2256 1176 2309 multa
1209 2275 1270 2310 ac
1300 2256 1444 2310 felici
1478 2257 1661 2311 sobole
1694 2276 1820 2328 gau-

135 2331 295 2383 debit.
359 2329 416 2383 Si
457 2348 673 2384 occasus
713 2331 769 2382 in
801 2329 986 2384 Ariete
1017 2331 1180 2384 fuerit
1211 2332 1474 2395 inventuS,
1507 2351 1571 2385 ex
1604 2332 1819 2401 aquosis
1838 2334 1899 2386 21

68 2426 111 2459 30
134 2405 354 2457 habebit
398 2404 624 2474 lucrum,
662 2404 748 2457 vel
795 2405 851 2456 in
897 2407 1114 2474 aquosis
1161 2405 1307 2458 locis.
1369 2405 1491 2458 Erit
1534 2425 1598 2459 ex
1637 2405 1817 2475 aliquo

255 2527 276 2564 1
312 2521 417 2565 add.
437 2525 461 2574 ζ
490 2521 643 2577 (eique
667 2522 711 2576 a)
849 2524 873 2563 3
907 2534 1039 2564 sacra
1072 2521 1115 2564 ei
1140 2524 1179 2565 Δ
1315 2526 1341 2564 4
1375 2523 1422 2565 et
1453 2522 1514 2565 ad
1547 2522 1637 2566 dol.
1665 2526 1702 2564 A

135 2585 160 2622 5
186 2594 242 2623 ex
266 2581 513 2624 amissione
528 2585 608 2623 DE
637 2581 642 2636 Ι
670 2580 776 2624 add.
795 2582 1078 2636 ng(reoepta
1102 2582 1145 2635 a)
1240 2586 1262 2623 7
1291 2581 1525 2625 facilitate
1550 2595 1574 2625 σ
1666 2586 1691 2625 8
1717 2583 1820 2626 lem-

133 2654 210 2683 ma
240 2654 323 2684 om.
350 2643 389 2683 Δ
485 2644 539 2683 13
573 2642 620 2683 ct
650 2654 734 2683 om.
759 2644 838 2682 DE
867 2642 873 2695 Ι
902 2639 1030 2683 cuius
1061 2641 1125 2698 Γ]
1161 2640 1259 2683 eius
1285 2643 1324 2684 Δ
1370 2642 1373 2697 j
1416 2640 1821 2697 inaequabilitatis

135 2702 257 2741 Bon
351 2703 402 2742 17
436 2699 619 2756 integer
646 2699 712 2757 Γ]
745 2698 867 2742 inter
891 2701 931 2742 A
967 2701 974 2756 Ι
1015 2713 1259 2743 numerum
1290 2705 1368 2742 DE
1412 2702 1418 2756 Ι
1459 2702 1725 2756 perseverat
1752 2701 1819 2758 Γ]

135 2770 236 2823 per·
261 2772 308 2801 se
348 2760 447 2802 erat
471 2761 510 2802 A
558 2757 872 2814 perseverabit
895 2760 920 2810 ζ
948 2760 1066 2815 (eum
1090 2760 1132 2815 a)
1288 2763 1340 2803 19
1378 2759 1579 2804 serviens
1605 2763 1629 2811 ζ
1659 2764 1732 2813 50,
1756 2760 1820 2818 30]

134 2815 323 2860 veniens
416 2821 471 2860 20
505 2816 733 2874 gloriosus
758 2819 798 2860 A
892 2821 946 2860 22
977 2817 1277 2861 conferuntur
1307 2821 1351 2862 Γ
1437 2823 1491 2862 24
1525 2818 1818 2875 copiosus—

137 2875 264 2919 dives
299 2876 365 2934 Γ]
398 2878 446 2920 et
477 2876 605 2920 dives
636 2876 915 2932 pecuniosus
940 2879 979 2920 A
1102 2881 1157 2919 26
1191 2876 1310 2921 filios
1343 2880 1651 2934 consequetur
1676 2893 1703 2920 a.

136 2933 326 2988 habetg
423 2939 478 2979 28
509 2934 750 2980 felicitatis
775 2938 815 2979 A
909 2939 965 2980 30
996 2934 1069 2980 vel
1094 2936 1154 2994 A]
1189 2940 1235 2981 et
1262 2939 1309 2981 Γ
