2066 3192
262 142 332 195 28
994 139 1224 186 FIRMICI

264 263 489 316 stantiae
529 263 808 315 abstulerit
848 262 1172 332 facultatem,
1210 280 1462 330 processu
1501 265 1755 332 temporis
1788 263 1943 317 aliam

211 338 244 389 3
262 337 341 389 illi
381 337 691 405 patrimonii
731 336 1081 388 substantiam
1114 336 1344 388 conferri
1374 336 1547 390 faciet.
1617 336 1792 389 Erunt
1823 356 1947 390 sane

262 411 499 480 languidi
542 414 594 462 et
632 409 934 479 periculosi,
974 411 1030 461 in
1070 410 1416 462 ebdomaticis
1456 411 1540 463 vel
1570 412 1626 463 in
1659 413 1948 464 enneaticis

263 486 414 537 annis
469 485 799 537 incurrentes
853 483 1211 552 periculorum
1267 484 1449 554 gravia
1511 485 1835 555 discrimina,
1897 489 1949 538 et

264 559 634 627 opprimentur
671 558 737 609 ab
777 557 861 609 his
893 557 1160 626 periculiS,
1201 557 1246 609 si
1277 558 1426 611 nullo
1457 559 1735 612 benivolas
1767 560 1950 612 stellae
1997 583 2016 615 5

262 634 380 701 ipso
415 636 655 702 tempore
685 632 888 684 fuerint
919 632 1183 700 praesidio
1216 631 1444 701 liberati,
1485 637 1538 685 et
1569 633 1614 684 si
1645 634 1758 701 ipse
1789 634 1951 686 fuerit

193 718 198 721 ’
266 707 513 759 dominus
552 707 842 776 geniturae.
913 704 977 757 In
1015 707 1187 774 prima
1227 709 1399 759 aetate
1439 724 1558 759 cum
1597 726 1761 759 uxore
1800 708 1950 776 †dis-

265 781 570 834 cordabitur
607 781 920 832 dissentient
958 781 1159 850 iurgiis
1231 780 1534 850 Virginales
1575 800 1699 833 sane
1734 782 1952 850 nuptias

265 855 450 908 vitent.
528 854 723 922 †Num
767 855 916 906 *enim
968 872 1189 907 uxorem
1240 855 1347 906 cito
1399 856 1464 907 ab
1517 873 1577 907 eo
1631 859 1722 907 aut
1771 874 1951 924 repen-

266 931 378 981 tina
432 932 603 981 morte
657 932 749 981 aut
803 928 1026 982 discidio
1079 931 1366 997 separatur.
1451 928 1615 981 Dabit
1669 930 1817 982 tarde
1869 931 2022 986 vel1o

267 1006 573 1072 corruptam
622 1021 842 1055 uxorem
895 1001 1156 1055 Saturnus
1205 1003 1282 1055 sic
1330 1005 1539 1071 positus
1594 1007 1687 1055 aut
1739 1004 1953 1056 viduam

267 1081 360 1129 aut
398 1078 464 1129 ab
505 1077 609 1129 alio
661 1079 973 1145 stupratam,
1025 1081 1116 1128 aut
1162 1095 1295 1145 quae
1343 1078 1408 1129 ab
1457 1078 1560 1129 alio
1607 1078 1797 1131 marito
1846 1097 1956 1130 sus-

269 1151 470 1220 ceperit
515 1151 678 1218 filios,
733 1154 787 1202 et
849 1169 1007 1219 quam
1069 1151 1278 1203 macula
1338 1152 1682 1219 turpitudinis
1734 1152 1958 1204 alicuius

268 1226 503 1277 infamet.
591 1224 694 1277 Sed
745 1228 873 1277 tunc
921 1225 1154 1277 decernit
1201 1243 1445 1294 uxorem,
1477 1245 1622 1279 cum
1676 1227 1958 1295 parodicus

271 1299 532 1352 Saturnus
574 1298 652 1369 (id
691 1303 771 1351 est
816 1299 1152 1369 temporalis)
1201 1303 1292 1351 aut
1331 1300 1537 1352 Lunam
1589 1300 1652 1352 de
1700 1300 1957 1369 quadrato
1984 1324 2024 1357 15

270 1374 484 1441 viderit,
534 1376 627 1425 aut
669 1372 762 1426 Sol
799 1374 977 1442 ipsum
1020 1375 1082 1425 de
1120 1374 1297 1426 Leone
1337 1375 1422 1426 vel
1463 1374 1753 1444 Sagittario
1794 1375 1959 1445 trigo-

270 1449 389 1499 nica
434 1448 726 1499 radiatione
773 1448 1079 1516 respexerit.
1159 1447 1246 1500 Sic
1297 1450 1437 1500 enim
1487 1447 1718 1501 Saturno
1767 1449 1960 1501 consti-

271 1525 390 1574 tuto
440 1539 829 1590 quamcumque
875 1523 1039 1574 fuerit
1085 1522 1306 1574 sortitus
1348 1541 1584 1590 uxorem,
1624 1523 1741 1591 ipsa
1780 1522 1828 1575 ei
1861 1523 1962 1575 erit

274 1597 557 1666 morigera,
603 1599 655 1647 et
694 1614 862 1664 usque
902 1596 967 1647 ad
1006 1596 1257 1648 ultimum
1296 1597 1438 1649 vitae
1477 1597 1710 1665 spatium
1750 1598 1960 1668 integro

221 1673 393 1724 4cum
445 1687 505 1722 eo
554 1670 914 1738 perseverabit
963 1671 1171 1723 affectu,
1249 1669 1352 1722 Sed
1399 1675 1451 1723 et
1493 1670 1633 1723 filios
1672 1674 1802 1724 tunc
1843 1690 1962 1723 con-
1986 1695 2029 1727 20

275 1747 540 1813 sequetur,
574 1744 1049 1813 quotienscumque
1085 1745 1266 1796 eadem
1299 1763 1403 1813 qua
1432 1745 1662 1797 diximus
1701 1743 1962 1797 Saturnus

274 1820 479 1870 ratione
527 1818 690 1870 fuerit
729 1818 976 1871 inventus
986 1861 1000 1888 ,
1041 1822 1092 1870 et
1133 1823 1260 1870 tunc
1298 1837 1550 1888 prospere
1591 1820 1845 1888 suscipiet
1884 1837 1962 1871 so-

275 1893 467 1962 bolem,
513 1892 557 1943 si
606 1893 662 1943 in
700 1891 885 1944 Ariete
934 1891 1163 1945 Saturno
1219 1894 1511 1946 constituto
1566 1891 1810 1962 Iuppiter
1863 1893 1965 1945 Lu-

275 1985 399 2018 nam
439 1967 617 2034 aliqua
663 1967 956 2019 radiatione
1002 1968 1306 2035 respexerit.
1382 1966 1583 2029 Quodsi
1632 1987 1739 2020 non
1788 1967 1964 2033 fuerit,

279 2044 370 2093 aut
408 2041 780 2109 <sus>ceptam
829 2041 1066 2093 sobolem
1115 2041 1314 2109 perdet,
1365 2044 1457 2093 aut
1504 2045 1646 2094 certe
1691 2060 1964 2110 nunquam
1990 2064 2031 2096 25

399 2236 423 2273 2
457 2231 551 2274 illis
588 2234 661 2287 ΓΙ
690 2231 806 2274 facit
837 2245 862 2274 6
986 2237 1010 2275 3
1044 2231 1267 2275 eneaticis
1304 2234 1350 2274 Γ
1466 2235 1490 2274 5
1524 2232 1581 2274 ab
1614 2233 1686 2276 his
1718 2232 1859 2288 peric.
1887 2246 1968 2288 op—

279 2290 414 2345 prim.
440 2294 464 2342 ζ
570 2296 591 2333 7
627 2290 1017 2334 discordabilibus
1052 2305 1077 2333 6
1183 2295 1208 2333 8
1242 2290 1520 2334 dissentient
1551 2292 1628 2349 κζ]
1662 2291 1908 2335 dissentiet
1932 2295 1967 2333 A
2055 2319 2059 2323 -

281 2350 584 2393 dissentietur
615 2354 694 2391 BG
733 2350 1065 2394 dissentientur
1096 2352 1178 2392 ΔΟ
1303 2355 1326 2392 9
1360 2350 1508 2393 vitent
1540 2351 1600 2407 Δ]
1634 2350 1849 2394 vitabunt
1883 2352 1929 2393 Γ

282 2408 421 2465 Num]
457 2408 684 2465 virginem
717 2422 741 2452 6
773 2409 894 2452 hanc
927 2411 950 2461 ζ
978 2410 1030 2453 cl.
1057 2412 1130 2462 45,
1156 2423 1176 2451 5
1270 2414 1323 2451 10
1350 2408 1542 2452 dissidio
1567 2413 1693 2451 ΒΘΗ
1736 2413 1742 2466 Ι
1786 2423 1968 2465 separe-

282 2471 358 2510 tur
394 2470 440 2511 Γ
467 2470 652 2523 separat
683 2481 745 2511 κσ
781 2471 786 2524 Ι
821 2468 954 2511 tarde
985 2467 1060 2511 vel
1093 2469 1357 2523 corruptam
1390 2482 1471 2512 om.
1502 2471 1548 2512 Γ
1658 2474 1709 2512 11
1745 2468 1968 2512 Saturnus

284 2541 364 2570 om.
394 2529 432 2569 A
478 2529 482 2582 Ι
525 2527 771 2583 impositus
804 2530 843 2570 Δ
969 2532 1022 2570 15
1057 2526 1279 2570 Saturnus
1312 2541 1393 2570 om.
1419 2530 1459 2570 Δ
1503 2530 1508 2583 Ι
1551 2528 1728 2571 Lunam
1761 2528 1807 2585 κ]
1839 2528 1970 2571 Luna

285 2586 383 2629 eius
422 2589 466 2629 Γ
513 2586 668 2629 Venus
709 2587 808 2630 eius
845 2586 920 2629 vel
959 2586 1097 2629 Mero.
1143 2585 1214 2628 vel
1254 2586 1381 2642 Iupp.
1409 2589 1447 2629 Δ
1603 2592 1655 2629 16
1689 2586 1767 2630 Sol
1798 2587 1845 2644 κ]
1878 2600 1925 2630 se
1961 2589 1965 2642 Ι

283 2658 402 2701 resp.
428 2645 533 2700 trig.
561 2645 658 2688 rad.
685 2648 725 2688 Δ
888 2650 939 2688 17
976 2644 1172 2688 Saturno
1206 2646 1459 2688 constituto
1493 2646 1569 2703 κζ]
1605 2645 1828 2688 Saturnus
1862 2658 1970 2688 con—

286 2705 476 2747 stitutus
510 2704 620 2760 (Sat.
647 2719 730 2748 om.
756 2707 813 2760 Δ)
924 2708 976 2746 18
1010 2704 1113 2759 ipsa
1145 2719 1227 2748 om.
1257 2706 1303 2746 Γ
1405 2709 1457 2746 19
1490 2704 1673 2761 integer
1697 2731 1750 2736 ——
1777 2703 1970 2748 affectus

286 2767 406 2805 BOG
439 2765 535 2819 <qui
565 2763 815 2820 integrum)
932 2768 986 2806 20
1019 2763 1382 2819 perseveraverit
1417 2763 1490 2821 ΓΙ
1519 2764 1817 2818 consequitur
1848 2766 1887 2806 Δ

288 2826 339 2863 21
377 2821 599 2865 Saturnus
623 2836 706 2866 om.
734 2826 772 2866 A
868 2827 921 2865 22
954 2821 1218 2865 radiatione
1243 2824 1282 2865 A
1313 2824 1318 2878 Ι
1348 2822 1542 2878 suscipit
1573 2826 1597 2874 ζ
1687 2827 1740 2865 23
1774 2822 1971 2865 Saturno

287 2894 370 2923 om.
397 2883 434 2923 A
466 2881 471 2938 Ι
501 2882 756 2925 constituta
785 2884 823 2925 A
854 2886 859 2936 Ι
886 2881 1097 2937 Iuppiter
1128 2881 1306 2924 Lunam
1339 2896 1420 2926 om.
1448 2884 1487 2924 A
1515 2882 1662 2937 (Iupp.
1689 2886 1736 2925 et
1759 2882 1890 2924 Luna
1914 2879 1973 2923 1)2

287 2939 416 2994 Iupp.
454 2941 498 2982 et
538 2940 667 2983 Luna
708 2940 868 2994 aliqua
908 2954 1011 2983 eum
1044 2943 1086 2995 a)
1209 2945 1262 2983 25
1305 2941 1409 2983 add.
1437 2944 1460 2991 ζ
1498 2942 1727 2996 (coeptam
1759 2939 1854 2982 A'n
1900 2954 1970 2983 re-
