2066 3192
222 125 257 179 2
949 126 1177 172 FIRMICI

224 265 341 299 mus
382 248 666 316 reddimUS,
707 248 887 300 omnia
924 249 1237 318 prudentiae
1278 251 1400 300 tuae
1445 248 1749 317 specialiter
1788 249 1908 300 inti-

164 321 197 371 3
223 324 443 373 mantes
522 320 621 374 Sed
670 340 738 374 ne
785 340 958 375 sermo
1006 321 1180 374 nudus
1221 321 1401 374 divino
1447 322 1713 391 praesidio
1755 321 1910 374 relin-

223 398 432 464 quatur,
473 398 525 447 et
566 414 686 448 eum
725 396 852 465 (in)
891 396 1025 465 ipsis
1066 395 1344 448 conatibus
1391 395 1721 449 adversantis
1760 395 1907 448 mali-

221 469 332 521 voli
371 469 645 523 cuiusdam
680 470 915 523 hominis
948 470 1086 522 livor
1125 471 1386 540 inpugnet
1429 469 1552 540 [et]:
1586 471 1908 540 quicumque

222 560 276 595 es
310 544 438 596 deus
472 543 564 612 qui
603 562 699 612 per
740 544 849 598 dies
886 544 1129 615 singulos
1162 544 1294 596 caeli
1326 562 1539 596 cursum
1573 544 1731 597 celeri
1762 545 1909 597 festi-
1955 565 1974 598 5

222 618 437 670 natione
478 618 773 687 continuas,
814 618 906 687 qui
945 623 1105 670 maris
1145 618 1339 671 fluctus
1386 619 1578 671 mobili
1616 618 1907 689 agitatione

201 695 523 760 ,perpetuaS,
579 692 671 761 qui
726 695 898 744 terrae
954 692 1279 746 soliditatem
1335 693 1541 745 inmoto
1599 692 1909 745 fundamen-

221 769 398 818 torum
446 766 640 819 robore
687 767 971 836 roborasti,
1011 766 1102 835 qui
1149 766 1389 819 laborem
1428 770 1757 820 terrenorum
1798 784 1910 819 cor-

219 857 412 907 porum
435 839 712 893 nocturnis
739 841 1022 909 soporibus
1044 842 1308 910 recreasti,
1337 841 1430 909 qui
1460 840 1672 894 refectis
1705 840 1908 893 viribus

35 929 238 968 sot-‹⁵⁵r11
264 932 450 966 rursus
489 915 717 984 gratiam
759 915 1055 968 dulcissimi
1092 914 1310 968 luminis
1350 915 1542 984 reddiS,
1574 916 1667 984 qui
1704 914 1907 986 fragili·
1932 935 1975 970 ιο

218 990 383 1040 tatem
439 989 678 1058 corporis
734 989 914 1043 divina
967 989 1160 1042 mentis
1223 988 1574 1058 inspiratione
1626 992 1907 1058 sustentas,

137 1084 145 1092 ·
220 1063 312 1130 qui
352 1081 564 1115 omnem
605 1063 781 1132 operis
828 1065 909 1116 tui
957 1063 1311 1117 substantiam
1360 1063 1685 1116 salutaribus
1723 1067 1907 1116 vento-

218 1155 337 1188 rum
375 1137 594 1190 flatibus
627 1141 857 1208 vegetas,
898 1139 991 1207 qui
1028 1137 1262 1190 fontium
1301 1156 1363 1191 ac
1408 1138 1691 1190 fluviorum
1736 1137 1907 1189 undas

218 1211 547 1280 infatigabili
584 1213 900 1265 necessitate
946 1212 1243 1281 profundis,
1284 1213 1377 1280 qui
1414 1213 1728 1264 varietatem
1774 1214 1906 1264 tem-

216 1302 408 1353 porum
464 1287 621 1338 certis
677 1286 881 1339 dierum
939 1287 1186 1339 cursibus
1232 1286 1424 1351 reddis,
1473 1286 1618 1339 solus
1666 1286 1904 1339 omnium
1930 1306 1971 1340 15

216 1359 545 1429 gubernator
593 1363 646 1414 et
692 1361 956 1431 princepS,
1004 1363 1149 1414 solus
1195 1361 1487 1430 imperator
1533 1378 1593 1414 ac
1643 1360 1904 1430 dominUS,

217 1433 301 1485 cui
341 1436 456 1486 tota
494 1438 733 1504 potestas
772 1437 1054 1488 numinum
1094 1435 1273 1504 servit,
1313 1436 1462 1488 cuius
1502 1435 1749 1488 voluntas
1788 1453 1906 1503 per-

214 1506 341 1560 fecti
389 1511 563 1577 operis
612 1509 913 1562 substantia
960 1513 1054 1578 est,
1109 1510 1259 1561 cuius
1314 1509 1638 1578 incorruptis
1692 1508 1903 1579 legibus

218 1586 478 1634 conventa
530 1587 721 1636 natura
776 1587 968 1637 cuncta
1030 1583 1330 1636 substantia
1392 1583 1768 1652 perpetuitatis
1824 1599 1903 1635 or—

214 1657 383 1726 navit,
439 1660 498 1708 tu
562 1658 800 1710 omnium
863 1662 1016 1727 pater
1076 1658 1277 1726 pariter
1331 1675 1392 1709 ac
1445 1661 1634 1725 mater,
1687 1659 1748 1709 tu
1802 1657 1903 1709 tibi
1928 1679 1971 1712 ‘20

214 1734 366 1799 pater
420 1749 481 1784 ac
534 1731 678 1784 filius
733 1750 840 1785 uno
887 1732 1101 1784 vinculo
1156 1731 1565 1784 necessitudinis
1618 1731 1902 1802 obligatus,

214 1804 318 1857 tibi
359 1807 626 1874 supplices
666 1825 855 1859 manus
880 1806 1176 1873 tendimus,
1215 1809 1268 1858 te
1303 1806 1512 1876 trepida
1545 1823 1665 1858 cum
1696 1806 1901 1874 suppli-

154 1880 189 1931 4
215 1878 423 1932 catione
461 1898 796 1933 veneramur:
845 1881 910 1933 da
948 1881 1158 1933 veniam
1209 1880 1352 1948 quod
1404 1879 1635 1933 siderum
1685 1882 1900 1933 tuorum

215 1971 399 2005 cursus
448 1971 736 2024 eorumque
789 1954 1054 2007 efficacias
1101 1955 1367 2022 explicare
1415 1972 1693 2023 conamur3
1747 1957 1900 2006 tuum

214 2027 284 2079 sit
335 2028 478 2096 quod
533 2028 599 2080 ad
654 2029 813 2081 istam
868 2047 966 2082 nos
1021 2027 1520 2112 interpretationem
1573 2028 1902 2096 nescioquod
1926 2049 1967 2081 25

215 2101 413 2169 inpulit
459 2121 669 2154 numen.
741 2103 882 2154 Pura
922 2106 1096 2155 mente
1148 2106 1200 2154 et
1238 2102 1303 2155 ab
1346 2103 1492 2155 omni
1531 2105 1740 2154 terrena
1779 2119 1902 2154 con-

213 2175 512 2228 versatione
551 2178 785 2246 seposita
825 2180 877 2229 et
918 2180 1231 2229 cunctorum
1264 2176 1595 2261 flagitiorum
1628 2175 1748 2228 labe
1780 2194 1902 2244 pur-

213 2252 336 2318 gata
390 2250 490 2302 hos
544 2250 802 2304 Romanis
857 2251 963 2303 tuis
1024 2250 1192 2303 libros
1255 2251 1577 2319 scripsimUS,
1631 2268 1698 2302 ne
1754 2250 1899 2303 omni

213 2323 616 2392 disciplinarum
665 2329 777 2377 arte
824 2324 1082 2377 translata
1130 2325 1304 2377 solum
1343 2325 1446 2376 hoc
1486 2342 1620 2393 opus
1660 2323 1900 2376 extitisse

333 2459 355 2496 1
388 2454 634 2498 reddemus
671 2457 756 2498 PC
901 2460 925 2497 3
961 2468 1065 2499 eum
1092 2454 1212 2514 (in)
1237 2456 1319 2512 κσ]
1354 2468 1458 2498 cum
1486 2456 1492 2511 Ι
1521 2454 1678 2498 conati
1712 2459 1739 2496 G
1768 2454 1772 2512 Ι
1799 2467 1898 2498 ver-

214 2514 393 2556 santem
425 2531 451 2555 κ
485 2514 733 2557 adversans
768 2528 793 2556 σ
900 2518 926 2556 4
961 2516 1007 2557 et
1040 2515 1121 2558 del.
1148 2528 1211 2557 κσ
1241 2516 1294 2557 tu
1319 2529 1346 2556 a
1378 2515 1425 2558 et
1456 2515 1510 2557 tu
1533 2518 1614 2556 DE
1715 2517 1739 2555 6
1774 2513 1896 2569 cogi-

211 2571 390 2615 tatione
425 2577 499 2614 CN
636 2576 661 2616 8
693 2572 877 2631 robore]
910 2573 1069 2616 labore
1103 2578 1132 2615 0
1273 2577 1296 2615 9
1331 2572 1572 2629 soporibus
1605 2573 1652 2631 κ]
1689 2571 1852 2628 opibus
1888 2571 1894 2630 Ι

212 2644 390 2674 recreas
417 2645 440 2674 σ
536 2637 589 2675 10
622 2647 689 2688 gr.
715 2646 781 2674 ru.
808 2634 848 2675 Δ
881 2647 1064 2675 rursum
1090 2636 1121 2674 B
1217 2637 1267 2674 11
1304 2631 1488 2674 divinae
1512 2635 1549 2673 A
1643 2635 1696 2674 16
1729 2630 1895 2687 guber-

211 2692 347 2733 nator
379 2704 433 2733 ac
465 2693 504 2733 Δ
631 2695 682 2733 17
723 2691 948 2747 perfectio
981 2693 1047 2735 vel
1078 2690 1304 2747 profectio
1330 2693 1369 2734 Δ
1404 2690 1458 2744 cf.
1487 2691 1540 2734 de
1572 2705 1654 2734 err.
1683 2693 1820 2743 68,11

215 2753 267 2792 18
292 2748 495 2806 legibus]
519 2748 642 2792 libus
669 2755 695 2792 c
721 2764 803 2794 om.
822 2750 971 2792 D¹EN
1072 2755 1124 2793 19
1151 2751 1318 2793 cuncta
1343 2749 1619 2802 substantia,
1645 2762 1756 2793 corr.
1775 2761 1838 2791 κσ

212 2812 264 2850 21
299 2808 588 2851 necessitatis
614 2811 653 2851 A
777 2814 832 2851 24
866 2809 1076 2852 efficaces
1114 2812 1160 2852 Γ
1197 2822 1448 2864 cursusque
1488 2822 1645 2851 eorum
1684 2807 1894 2851 efficaces

211 2871 289 2908 DE
441 2871 495 2909 25
537 2867 617 2924 sit]
659 2870 729 2910 est
767 2871 792 2919 ζ
828 2870 884 2922 cf.
925 2869 1035 2912 Hor.
1069 2882 1102 2911 c.
1140 2868 1217 2911 IV
1245 2871 1286 2920 3,
1311 2871 1382 2911 21.
1410 2871 1468 2911 24
1621 2871 1675 2909 29
1709 2867 1808 2909 arte
1834 2867 1894 2923 A]

212 2927 319 2968 ante
361 2928 401 2968 Γ
