2066 3192
791 137 834 181 V
865 142 906 194 3,
931 142 1077 194 55—4‚
1102 150 1122 182 2
1744 136 1817 190 49

124 278 253 313 num
303 258 497 312 Leonis
547 258 850 327 intraverit,
898 262 1027 312 tunc
1075 258 1295 328 negotia
1345 275 1530 311 eorum
1583 258 1819 328 corrigit,

123 336 253 387 tunc
291 333 518 403 gloriam
553 336 680 386 tunc
710 331 1096 402 patrimonium
1130 335 1260 386 ωηο
1290 331 1521 385 honores
1552 332 1817 385 maximos

125 409 538 476 consequentur,
585 410 716 460 ωηο
762 424 944 460 omnes
996 409 1145 459 actus
1197 424 1380 459 eorum
1434 423 1687 475 prospere
1741 425 1818 459 se·

125 484 318 550 quetur
364 483 600 550 eventus,
646 484 776 535 tunc
822 481 930 534 illis
975 480 1106 532 fides
1153 483 1283 534 tunc
1321 498 1640 551 magnorum
1680 481 1819 533 viro-

81 576 100 609 5
125 573 245 607 rum
289 555 507 626 negotia
553 555 849 623 credentur,
896 573 960 607 ex
1009 573 1115 623 qua
1153 554 1616 607 administratione
1656 555 1818 624 patri-

123 629 292 682 monii
353 631 755 698 consequuntur
815 631 1115 699 augmenta.
1203 627 1268 682 Ιη
1328 630 1579 682 extremis
1640 632 1818 682 autem
1835 628 1906 682 59

123 703 368 772 partibus
400 702 638 772 corporis
670 707 763 757 aut
793 704 850 756 in
881 706 1032 773 parte
1066 703 1305 771 corporis
1337 703 1667 773 (absconsa)
1698 723 1725 753 *
1745 723 1771 753 *
1790 723 1816 753 *

123 777 397 830 habebunt
436 777 597 830 etiam
637 778 694 830 in
734 778 864 848 ipsis
903 777 1145 847 partibus
1185 777 1429 831 assiduos
1462 777 1688 846 dolores,
1726 777 1819 829 ha-

122 851 328 904 bebunt
359 852 520 904 etiam
554 870 618 904 ex
649 852 791 904 ferro
824 852 1082 904 maximas
1116 851 1401 904 cicatrices
1451 850 1555 904 Sed
1587 870 1651 904 ex
1682 852 1818 904 filio-

57 947 99 980 10
122 944 241 978 rum
274 926 483 979 casibus
514 926 790 979 habebunt
821 927 1062 980 assiduos
1096 925 1319 979 dolores.
1369 924 1474 978 Sed
1505 945 1626 980 cum
1658 926 1780 979 illos
1800 937 1979 979 fot-⁶301

124 999 386 1053 Saturnus
425 1000 619 1069 prioris
659 1000 916 1069 temporis
954 1003 1274 1070 tempestate
1306 1000 1651 1070 quassaverit,
1690 1003 1820 1054 tunc

122 1074 231 1127 illis
277 1075 538 1127 laetitiam
586 1078 638 1127 et
685 1093 750 1126 ex
804 1075 932 1127 filiis
988 1075 1221 1127 decernit
1267 1078 1319 1127 et
1366 1092 1428 1127 ex
1475 1075 1651 1145 gratia
1695 1092 1817 1128 con-

122 1148 304 1220 iugali,
352 1149 641 1201 secundum
690 1149 968 1219 geniturae
1013 1167 1317 1201 mensuram
1365 1152 1525 1218 atque
1571 1149 1817 1202 substan-

122 1223 276 1292 tiam,
315 1241 475 1292 quam
515 1226 718 1276 ceterae
757 1225 941 1277 stellae
981 1242 1076 1276 sua
1115 1223 1432 1276 auctoritate
1473 1224 1815 1277 decreverint.

54 1362 96 1395 15
920 1340 1012 1394 IV.

233 1430 337 1484 Sed
382 1448 526 1483 nunc
576 1430 857 1500 explicatis
905 1429 1124 1484 Saturni
1171 1430 1396 1485 decretis
1443 1432 1509 1484 ad
1547 1430 1691 1485 Iovis
1732 1431 1816 1484 de-
1837 1433 1864 1484 1

120 1508 264 1558 creta
302 1506 592 1558 veniamus.

231 1578 548 1649 [Iuppiter
578 1580 641 1632 in
672 1578 934 1648 Ariete]
976 1578 1291 1648 Quicunque
1326 1578 1508 1632 Iovem
1541 1580 1597 1632 in
1630 1578 1866 1633 Ariete2

118 1653 419 1722 habuerint,
446 1654 500 1706 in
523 1654 698 1723 prima
722 1656 895 1707 aetate
918 1655 974 1706 in
1000 1654 1147 1706 omni
1168 1657 1290 1706 actu
1306 1654 1607 1725 turbantur,
1633 1673 1815 1724 quam-

53 1749 95 1781 20
120 1727 211 1781 diu
258 1728 625 1798 conpleverint
671 1730 949 1798 geniturae
998 1729 1277 1782 contraria.
1356 1727 1461 1781 Sed
1514 1747 1634 1782 cum
1684 1728 1816 1781 haec

121 1805 364 1872 tempora
404 1802 651 1872 conpleta
689 1802 910 1871 fuerint,
949 1806 1078 1855 ωηο
1116 1802 1426 1855 honestates
1466 1806 1595 1856 tunc
1633 1803 1815 1856 felices

119 1880 268 1930 actus
308 1880 436 1930 tunc
468 1877 609 1930 bona
640 1880 883 1946 tempora
913 1879 1042 1929 tunc
1081 1876 1393 1946 proficiendi
1433 1881 1645 1946 tempus
1685 1880 1816 1931 ωηο

119 1952 472 2004 maximorum
527 1952 867 2022 negotiorum
922 1955 1070 2003 actus
1119 1950 1494 2019 decernuntur,
1547 1955 1677 2004 ωηο
1722 1969 1814 2021 po-

118 2025 347 2078 tentium
403 2028 455 2077 et
508 2044 825 2096 magnorum
879 2026 1113 2077 virorum
1171 2025 1422 2078 amicitiis
1481 2026 1813 2095 copulantur,

52 2119 94 2152 25
119 2102 212 2152 aut
250 2099 307 2151 in
346 2099 554 2168 magnis
595 2117 656 2151 ac
715 2099 877 2169 regiis
926 2099 1174 2152 domibus
1224 2100 1531 2152 constitutis
1578 2100 1814 2168 potentis

119 2173 597 2226 administrationis
639 2173 817 2225 officia
848 2173 1150 2241 creduntur,
1190 2176 1320 2226 tunc
1351 2174 1676 2242 patrimonia
1707 2192 1814 2226 ma-

119 2248 263 2299 xima
296 2250 709 2316 consequuntur,
749 2250 801 2299 et
839 2246 1147 2299 dominandi
1180 2247 1448 2316 accipiunt
1480 2251 1814 2317 potestatem,

120 2324 174 2373 et
211 2340 275 2374 ex
313 2322 572 2375 uxoribus
619 2324 673 2374 et
717 2321 844 2373 filiis
891 2321 1127 2374 laetitiae
1165 2323 1471 2375 relevantur
1509 2325 1811 2392 augmento

118 2394 268 2448 Tunc
315 2396 456 2449 enim
504 2395 851 2449 conferuntur
895 2395 1166 2464 potentiae
1213 2398 1267 2449 et
1305 2396 1525 2449 honoris
1565 2396 1814 2468 insignia,

239 2531 264 2569 3
296 2539 489 2582 prosper
520 2530 606 2569 An
698 2531 724 2569 6
758 2527 1100 2581 consequentur
1131 2526 1183 2568 A‘
1211 2530 1216 2583 Ι
1244 2526 1296 2570 In
1329 2528 1390 2586 Δ]
1422 2542 1482 2571 an
1517 2529 1564 2571 Γ
1652 2532 1675 2570 7
1708 2541 1813 2583 par-

118 2584 244 2629 tibus
269 2586 326 2643 A]
361 2585 539 2629 artibus
572 2590 649 2629 cet.
679 2588 757 2629 Pv
790 2585 983 2628 artubus
1007 2588 1047 2629 Δ
1077 2587 1083 2642 Ι
1112 2588 1194 2629 aut
1219 2587 1279 2644 A]
1306 2600 1367 2630 an
1395 2589 1442 2631 Γ
1460 2588 1561 2644 (om.
1588 2589 1642 2643 A)
1670 2589 1678 2643 Ι
1704 2587 1810 2630 add.

117 2647 180 2696 κζ
206 2659 342 2702 porro
372 2646 552 2689 videtur
583 2646 799 2689 excidisse
829 2643 1113 2688 laborabunt
1128 2662 1145 2699 ;
1176 2647 1270 2690 uisi
1300 2647 1415 2701 forte
1447 2647 1498 2689 iu
1528 2647 1814 2702 sequentibus

119 2704 262 2747 etiam
293 2703 343 2746 in
374 2704 490 2759 ipsis
522 2703 735 2759 partibus
760 2704 996 2748 delendum
1021 2707 1046 2756 ζ
1135 2709 1160 2747 8
1189 2705 1236 2747 in
1263 2719 1347 2749 om.
1365 2709 1443 2748 Ao
1538 2710 1562 2748 9
1589 2705 1687 2762 sed]
1716 2706 1763 2748 et
1785 2723 1812 2748 κ

118 2762 201 2807 sed
233 2762 352 2822 (et)
385 2767 410 2815 ζ
500 2767 554 2806 10
589 2762 679 2806 Sed
713 2764 750 2821 ζ]
785 2764 833 2807 et
948 2768 1000 2807 12
1032 2762 1218 2807 laetitia
1242 2767 1282 2807 Δ
1326 2765 1334 2821 Ι
1375 2764 1484 2807 ffliis
1509 2764 1584 2822 κζ]
1618 2764 1743 2807 vitiis
1773 2766 1819 2807 Γ

118 2821 234 2865 vitio
252 2824 292 2866 Δ
322 2825 328 2878 Ι
356 2821 618 2878 coniugalis
634 2836 785 2867 corus.
879 2826 932 2865 18
958 2822 1117 2866 lemma
1135 2825 1270 2867 om.A
1357 2828 1413 2866 20
1432 2823 1666 2867 contraria
1688 2837 1809 2879 susp.

121 2884 177 2923 24
202 2881 425 2925 amicitiis
450 2882 511 2940 A]
538 2881 701 2925 amicis
730 2884 776 2925 Γ
866 2885 921 2923 25
947 2881 1191 2925 constituti
1215 2896 1329 2926 corr.
1354 2886 1416 2935 κζ
1436 2883 1530 2927 uisi
1550 2882 1726 2927 Graeca
1750 2887 1813 2927 est

119 2944 353 2985 structura
382 2945 434 2985 ut
463 2939 608 2985 πολλὰ
639 2940 935 2984 πιστεύονται
1041 2944 1095 2982 27
1130 2940 1324 2997 capiunt
1351 2944 1397 2986 Γ
1500 2946 1555 2984 28
1588 2954 1644 2985 ex
1667 2956 1750 2986 om.
1770 2943 1810 2984 A

210 3022 419 3063 anxous,
443 3021 708 3063 edd.K1011‚
735 3021 940 3054 Skutsch
966 3024 1001 3053 et
1026 3022 1229 3062 Zieglcr.
1270 3024 1319 3054 ΙΙ.
1516 3020 1542 3057 4
