2066 3192
808 147 871 192 VI
903 151 944 203 9,
967 158 1105 192 5—11.
1733 146 1804 199 85

118 268 330 322 nicrum
369 269 488 322 labe
527 268 863 340 constringit,
901 269 1032 322 facit
1063 268 1223 321 etiam
1254 268 1353 322 hos
1385 269 1598 321 eosdem
1628 270 1807 337 patres

117 346 239 395 ante
290 343 462 412 perire
514 361 673 412 quam
723 346 932 396 matres.
1011 341 1115 395 Sed
1170 345 1222 395 et
1275 342 1422 412 ipsos
1476 342 1609 396 facit
1658 342 1806 394 vario

116 420 456 485 peccatorum
503 435 694 486 genere
742 435 950 486 semper
996 435 1192 485 errare,
1239 419 1292 470 et
1337 417 1636 485 †nocivola
1683 434 1807 469 con-

117 492 431 544 versationis
480 491 716 544 decernit
763 491 946 560 exitia,
1000 494 1054 544 et
1103 509 1292 562 graves
1338 490 1696 561 aegritudines
1743 507 1808 542 ex

71 585 91 618 ⁵
117 565 306 618 acerbo
353 565 637 618 humorum
684 566 885 636 frigore
926 583 1135 634 semper
1172 565 1374 635 indicit,
1423 564 1806 635 patrimonium

116 640 276 692 etiam
316 643 370 692 et
409 658 592 693 omnes
633 643 781 693 actus
823 642 874 692 et
914 640 1111 693 excidit
1149 641 1352 709 pariter
1382 643 1435 692 et
1466 639 1682 710 frangit.
1749 637 1807 692 Si
1827 638 1896 691 1Ο

114 732 238 766 vero
288 713 381 766 Sol
428 715 670 797 superior
719 715 936 767 effectus
983 717 1036 767 et
1075 714 1321 766 dextrum
1354 714 1633 783 possidens
1663 713 1806 765 latus

116 787 406 841 Saturnum
453 788 509 840 in
555 788 793 841 inferiori
839 788 958 842 loco
1002 788 1356 843 constitutum
1398 789 1658 857 quadrata
1695 798 1968 842 ra-s01-70'I

115 862 348 915 diatione
379 863 686 932 respexerit,
717 866 992 932 paternam
1026 862 1382 915 substantiam
1417 863 1677 933 dispergit
1704 862 1808 915 ista

48 956 91 988 10
114 937 444 1006 coniunctiO,
490 941 542 990 et
581 956 768 1008 graves
809 937 1223 991 domesticorum
1262 937 1543 990 hominum
1582 937 1806 989 inimici-

114 1011 216 1064 tias
256 1029 466 1081 semper
503 1012 706 1083 indicit,
746 1015 798 1064 et
837 1030 1049 1064 omnem
1089 1012 1349 1080 impetum
1381 1012 1590 1080 mentiS‚
1630 1011 1722 1064 sed
1753 1014 1807 1063 et

115 1103 296 1138 omnes
338 1090 488 1139 actus
527 1087 675 1139 vario
706 1086 1005 1156 †indigens
1038 1104 1228 1156 genere
1262 1087 1494 1155 [semper
1527 1085 1808 1155 inpugnat,

114 1163 167 1212 et
207 1178 389 1213 omnes
430 1161 603 1230 actus]
653 1161 875 1213 obscura
918 1162 1244 1231 cogitatione
1284 1178 1492 1229 semper
1530 1160 1804 1230 inpugnat.

116 1233 219 1286 Sed
272 1238 324 1287 et
379 1235 601 1289 consilia
655 1253 948 1303 numquam
1003 1252 1290 1305 prosperos
1350 1235 1546 1287 habere
1605 1234 1809 1303 patitur

47 1326 89 1361 15
114 1309 348 1378 effectus,
395 1312 448 1362 et
495 1310 550 1362 in
596 1310 771 1378 prima
817 1313 990 1362 aetate
1036 1310 1226 1363 acerba
1265 1312 1318 1361 et
1358 1309 1540 1362 crebra
1578 1308 1806 1379 aegritu-

115 1383 299 1435 dinum
347 1383 536 1436 indicit
580 1384 932 1453 incommoda,
979 1387 1032 1437 et
1070 1402 1264 1453 corpus
1303 1384 1588 1454 fatigatum
1628 1382 1806 1435 multi-

115 1457 244 1526 plici
283 1458 679 1528 aegritudinum
720 1459 1120 1511 continuatione
1161 1457 1420 1511 debilitat.

225 1531 560 1601 [Saturnus
601 1536 661 1584 et
700 1531 913 1585 Venus
954 1532 1289 1602 quadrati]
1355 1531 1413 1585 Si
1454 1531 1715 1585 Saturnus
1754 1531 1890 1584 etll

114 1605 297 1659 Venus
338 1607 594 1676 quadrata
630 1607 832 1661 fuerint
869 1607 1167 1660 radiatione
1206 1608 1500 1675 coniuncti,
1539 1609 1592 1659 et
1632 1606 1806 1659 dextri

47 1699 89 1732 20
114 1680 358 1748 quadrati
399 1679 661 1734 Saturnus
710 1682 1037 1751 superiorem
1077 1681 1357 1751 possidens
1396 1684 1604 1750 partem
1643 1681 1700 1733 in
1741 1680 1806 1733 si-

112 1755 282 1808 nistro
338 1755 596 1824 quadrato
653 1755 914 1809 Venerem
968 1758 1202 1825 positam
1255 1755 1450 1808 minaci
1511 1755 1806 1808 radiatione

112 1830 418 1898 respexerit,
457 1830 560 1882 ista
600 1830 904 1884 coniunctio
944 1830 1237 1900 dilapidato
1277 1830 1604 1899 patrimonio
1645 1848 1806 1900 grave

114 1921 246 1956 onus
293 1904 652 1957 mendicitatis
699 1905 902 1972 indicit,
952 1908 1006 1957 et
1052 1924 1082 1957 a
1121 1904 1337 1958 feminis
1377 1904 1686 1957 acerbarum
1726 1921 1802 1956 ca-

230 2023 295 2076 (4)
327 2024 388 2078 τῷ
422 2023 473 2066 δε
505 2021 679 2076 σώματι
710 2019 878 2072 νόσους
910 2020 1073 2078 ἐπάγει
1102 2022 1152 2066 ἐκ
1179 2018 1349 2078 φρίκης
1372 2021 1452 2064 καὶ
1476 2020 1745 2076 πυρετοὺς.

115 2077 475 2134 περικόπτονται
507 2079 558 2124 δὲ
583 2080 663 2123 καὶ
687 2079 738 2125 ἐν
763 2078 839 2131 αἶς
863 2079 1191 2154 ἐπιβάλλονται
1214 2079 1420 2135 πράξεσι.
1466 2086 1548 2124 τοῦ
1575 2079 1626 2125 δὲ
1645 2057 1807 2124 Ηλίου

113 2139 195 2184 τὸν
235 2137 420 2194 Κρόνον
452 2142 916 2194 καθυπερτεροῦντος
946 2142 1005 2197 (9)
1037 2139 1096 2184 τὰ
1127 2139 1330 2194 πατρικὰ
1365 2139 1687 2191 σκεδάννυται,
1727 2139 1807 2182 καὶ

116 2198 279 2254 ἐχθροὶ
316 2198 433 2254 πρὸς
471 2215 578 2249 τους
618 2196 818 2250 οἰκείους
857 2198 1061 2243 ἔσονται
1120 2198 1170 2243 αἱ
1209 2198 1261 2244 δὲ
1299 2205 1382 2243 τοῦ
1422 2205 1507 2243 νοῦ
1549 2197 1688 2255 ὁρμαὶ
1727 2198 1807 2242 καὶ

116 2257 164 2301 αἱ
210 2257 399 2313 πράξεις
447 2258 767 2314 ἀμαυροῦνται
807 2259 887 2302 καὶ
927 2258 977 2302 αἱ
1016 2259 1181 2317 βουλαὶ
1221 2256 1541 2311 ἐκκόπτονται,
1583 2255 1713 2302 νόσοι
1755 2257 1807 2303 δὲ

115 2317 272 2361 ἄλλοτε
311 2317 445 2361 ἄλλαι
484 2317 564 2360 καὶ
603 2316 924 2362 κακοπάθειαι
963 2318 1218 2374 σωματικαὶ
1258 2319 1308 2362 ἐν
1347 2324 1401 2374 τῇ
1441 2318 1598 2375 πρώτῃ
1631 2314 1801 2377 ἡλικίᾳ.

116 2381 170 2419 22
211 2380 316 2431 166,
339 2380 402 2421 20
445 2375 548 2434 βίου
590 2377 835 2429 ἐκπτώσεις
865 2376 1039 2435 βλάβας
1069 2377 1150 2421 καὶ,
1182 2377 1330 2429 λύπας
1362 2377 1411 2421 ἐκ
1441 2379 1663 2434 θηλυκῶν
1693 2392 1806 2432 προ-

118 2436 295 2480 σώπων.

236 2545 257 2582 1
291 2538 422 2582 labes
455 2542 494 2583 Δ
536 2542 540 2594 Ι
581 2539 664 2584 hos
698 2539 880 2584 eosdem
916 2541 1073 2596 patres
1105 2537 1222 2584 καθ’
1253 2538 1359 2584 ὅλον
1384 2540 1460 2583 καὶ
1487 2539 1605 2583 κατὰ
1630 2540 1765 2595 μέρος
1786 2538 1810 2582 ,2

117 2598 217 2654 (hos
250 2598 436 2642 eosdem
474 2600 556 2643 del.
584 2599 626 2654 σ)
677 2603 681 2653 Ι
733 2599 919 2643 eosdem
950 2614 1032 2643 om.
1059 2601 1099 2643 A
1223 2605 1247 2642 2
1281 2598 1398 2643 facit
1428 2614 1511 2644 om.
1542 2601 1589 2642 Γ
1613 2600 1810 2655 (praeter

118 2660 169 2713 G)
303 2662 328 2701 3
362 2671 538 2702 errasse
570 2660 609 2701 Δ
669 2661 674 2713 l
731 2658 957 2702 nocivolis
990 2659 1329 2702 conversationi
1358 2661 1404 2702 Γ
1437 2658 1629 2702 nocivae
1661 2675 1688 2701 κ

119 2721 142 2759 6
177 2716 372 2775 excidit]
404 2717 573 2760 indicit
597 2731 637 2771 σ,
668 2719 725 2773 cf.
753 2722 829 2771 86,
855 2731 896 2761 18
1016 2722 1042 2761 8
1075 2717 1303 2761 Saturnus
1335 2717 1544 2761 inferiori
1576 2717 1605 2761 l.
1636 2717 1809 2761 consti-

119 2777 254 2819 tuens
281 2778 319 2819 A
469 2781 520 2819 12
554 2775 788 2835 indigens]
822 2776 1161 2834 indignationis
1187 2793 1213 2819 a.
1245 2776 1456 2820 malitiae
1482 2794 1509 2820 κ
1539 2776 1589 2820 in
1622 2776 1721 2820 dies
1748 2789 1772 2819 σ
1801 2775 1806 2832 Ι

117 2836 198 2878 del.
226 2836 250 2887 ζ
279 2837 342 2891 (et
375 2849 533 2879 omnes
566 2861 621 2869 —
654 2836 887 2893 inpugnat
918 2850 1000 2880 om.
1026 2838 1118 2892 Na.)
1244 2841 1298 2879 14
1330 2837 1508 2892 patitur
1538 2835 1710 2879 habere
1745 2835 1809 2878 ef-

117 2893 266 2937 fectus
296 2897 335 2937 A
460 2899 515 2937 20
549 2895 831 2951 superiorem
865 2909 947 2938 om.
976 2898 1014 2938 A
1139 2900 1192 2938 22
1227 2894 1553 2939 coniunctione
1585 2908 1695 2938 corr.
1721 2910 1751 2937 v

118 2957 173 2995 23
206 2953 430 2997 indicitur
462 2956 500 2996 A
