2078 3174
215 146 239 196 1
251 145 321 197 32
778 192 783 196 ,
946 143 1177 188 FIRMICI

208 265 374 335 positi
412 263 557 317 Iovis
604 265 806 317 fuerint
853 264 1163 317 testimonio
1205 265 1471 334 destituti,
1521 265 1725 318 faciunt
1762 284 1907 318 men-

210 340 362 392 daces
402 342 455 391 et
494 356 721 406 quorum
761 357 942 391 omnes
982 341 1131 391 actus
1170 339 1410 391 instabili
1445 356 1507 392 ac
1537 339 1742 392 variata
1772 357 1906 392 sem-

207 432 305 483 per
335 412 592 466 facilitate
623 415 914 465 mutentur.
979 411 1083 464 Sed
1114 415 1168 464 et
1200 416 1396 466 matres
1429 431 1614 466 eorum
1639 414 1905 481 sapientes

209 487 468 551 efficient3
519 486 612 539 sed
660 486 936 539 infamiam
987 486 1094 539 illis
1146 505 1210 539 ex
1261 487 1573 540 inferiorum
1624 487 1906 539 hominum

209 562 496 614 concubitu
545 578 754 630 semper
800 561 1065 630 infligunt.
1139 559 1244 613 Sed
1289 563 1370 614 est
1414 561 1603 614 melior
1639 561 1793 614 Luna
1841 579 1904 613 ex

208 635 312 687 ista
351 636 748 703 coniunctione,
801 635 847 687 si
893 636 1152 687 minorem
1199 635 1438 703 partium
1476 635 1774 704 possederit
1811 654 1906 688 nu-

202 728 426 775 merum,
478 711 531 761 et
579 709 624 761 si
664 708 960 762 Mercurius
1008 709 1064 760 in
1110 709 1361 777 ampliori
1407 709 1642 778 partium
1681 727 1904 762 numero

206 783 370 835 fuerit
409 783 672 835 inventus.

932 899 1181 954 XXVIII.

321 990 592 1059 Conpletis
638 989 722 1042 his
771 989 1036 1058 omnibus,
1076 993 1362 1059 antequam
1402 1008 1576 1043 sermo
1616 994 1800 1043 noster
1838 991 1904 1042 ad

206 1063 628 1132 horoscoporum
675 1065 1029 1118 transferatur
1075 1063 1334 1134 exempla,
1385 1064 1519 1117 illud
1564 1064 1905 1134 prudentiam

206 1141 356 1190 tuam
395 1139 627 1191 breviter
666 1139 1026 1207 admonemuS,
1066 1141 1127 1190 ut
1157 1139 1285 1207 (in)
1317 1137 1613 1208 omni[bus]
1656 1138 1905 1208 genitura

207 1212 525 1281 considereS,
566 1216 854 1281 antequam
892 1215 1200 1266 nasceretur
1239 1212 1418 1280 homO,
1458 1212 1544 1265 cui
1583 1231 1639 1266 se
1669 1212 1904 1281 primum

205 1304 428 1338 nascens
468 1286 621 1339 Luna
661 1286 1014 1340 coniunxerit.
1093 1285 1148 1339 Si
1193 1287 1334 1339 enim
1376 1289 1552 1339 ortum
1591 1286 1773 1339 Lunae
1813 1290 1905 1338 aut

208 1360 368 1412 simul
407 1361 760 1415 constitutum
800 1361 1109 1414 benivolum
1149 1361 1291 1413 sidus
1333 1361 1614 1430 exceperit,
1654 1364 1747 1413 aut
1787 1379 1902 1413 eam

206 1451 464 1503 prospera
517 1435 815 1487 radiatione
869 1435 1185 1504 respexerit,
1239 1453 1357 1487 eum
1411 1453 1569 1503 quem
1618 1435 1903 1487 imminens

205 1511 391 1576 partus
431 1508 666 1562 vicinum
706 1510 893 1561 fecerit
930 1509 1054 1577 luci,
1093 1510 1295 1562 bonum
1334 1509 1495 1561 faciet
1535 1509 1777 1561 ordinem
1817 1527 1904 1579 ge-

206 1583 415 1635 niturae
447 1584 645 1635 sortiri.
703 1582 761 1635 Si
792 1601 917 1636 vero
952 1583 1397 1651 mal<ivol>arum
1431 1585 1708 1636 stellarum
1739 1582 1904 1635 fuerit

208 1656 408 1709 sociata
446 1659 739 1725 consortio,
787 1657 1068 1710 mediocris
1109 1660 1162 1709 et
1199 1657 1460 1727 ingloriae
1499 1657 1746 1727 genitura
1785 1657 1903 1709 sub-

208 1731 435 1782 stantiae
474 1734 838 1799 praeparatur.

319 1803 516 1857 Omnes
549 1806 664 1873 tibi,
697 1805 930 1858 Mavorti
963 1806 1120 1857 decus
1143 1809 1403 1872 nostrum,
1436 1805 1789 1857 mixturarum
1815 1823 1902 1856 ex-

206 1877 523 1947 plicavimus
562 1882 877 1948 potestates:
919 1879 1047 1946 quid
1079 1880 1319 1950 singulae
1352 1881 1535 1932 stellae
1568 1881 1777 1931 iunctae
1811 1879 1902 1931 tri-

206 1954 398 2022 gonica
430 1953 684 2006 societate
714 1954 1008 2021 perficiant,
1040 1953 1168 2022 quid
1201 1954 1459 2022 quadrata
1490 1953 1785 2005 radiatione
1819 1953 1902 2004 de-

206 2030 449 2094 cernant,
503 2027 632 2096 quid
671 2028 909 2079 efficiant
950 2027 1206 2079 diametra
1247 2027 1348 2079 sibi
1388 2030 1655 2097 potestate
1696 2045 1901 2095 semper

206 2101 507 2169 oppositae,
561 2102 691 2169 quid
736 2101 1035 2171 largiantur
1082 2102 1346 2170 aequabili
1394 2101 1735 2170 copulatione
1785 2118 1902 2153 con-

207 2174 443 2242 iunctae,
495 2175 623 2243 quid
670 2194 939 2245 exagonae
985 2175 1205 2227 humilis
1253 2177 1535 2244 potestatis
1587 2175 1904 2228 auctoritate

204 2249 496 2316 perficiant.
577 2248 680 2300 Sed
727 2253 788 2301 ut
834 2249 964 2302 haec
1008 2250 1186 2301 omnia
1226 2250 1537 2318 prudentiae
1577 2252 1698 2301 tuae
1738 2249 1902 2300 mani-

204 2323 393 2374 festius
426 2323 751 2391 intimemUS,
785 2324 929 2376 omni
955 2323 1394 2392 apotelesmatum
1428 2324 1635 2376 ratione
1668 2323 1904 2390 confusa,

204 2437 291 2493 τὴν
327 2438 392 2489 εἰς
429 2437 652 2482 παιδείαν
692 2439 770 2482 καὶ
810 2438 948 2495 λόγον
991 2439 1121 2496 ἰσχύν
1297 2441 1358 2495 (2)
1392 2437 1673 2495 ἀνεπίμονος
1711 2436 1762 2482 δὲ
1801 2445 1903 2489 ταῖς

203 2497 398 2551 πράξεσι
429 2498 510 2541 καὶ
541 2505 642 2549 ταῖς
674 2499 877 2555 γνώμαις
908 2499 987 2541 καὶ
1019 2499 1125 2553 περὶ
1157 2498 1238 2542 τὸν
1271 2497 1374 2556 βίον
1407 2499 1662 2554 ἀνώμαλος.

325 2605 352 2642 4
376 2600 573 2644 infamia
597 2605 636 2642 Ν
735 2606 760 2644 5
788 2601 1061 2644 concubitus
1086 2606 1124 2643 Ν
1152 2603 1157 2656 Ι
1187 2604 1256 2645 est
1282 2602 1318 2659 ζ]
1347 2603 1393 2645 et
1417 2606 1455 2644 Ν
1554 2607 1579 2645 6
1605 2600 1898 2658 possederint

203 2663 245 2700 Ν
369 2664 420 2702 11
454 2659 817 2716 horoscoporum
851 2661 894 2717 6]
937 2661 1102 2703 horum
1133 2665 1172 2702 Ν
1215 2661 1506 2704 decretorum
1537 2662 1560 2712 ζ
1681 2665 1733 2704 12
1768 2673 1899 2702 suam

205 2722 246 2759 Ν
287 2719 291 2765 Ι
331 2719 435 2762 add.
462 2725 504 2763 et
526 2720 607 2763 del.
638 2737 666 2762 κ
788 2723 841 2763 13
869 2733 916 2761 se
941 2719 1144 2775 primum
1169 2733 1362 2763 nascens
1389 2720 1432 2777 σ]
1458 2719 1708 2775 septimum
1733 2719 1899 2761 nature

204 2780 246 2817 Ν
369 2782 422 2820 15
455 2778 774 2821 benivolarum
798 2783 837 2820 Ν
864 2792 976 2823 corr.
1002 2795 1028 2821 κ
1154 2783 1206 2820 16
1241 2792 1379 2832 quem
1402 2779 1449 2836 κ]
1483 2793 1570 2834 que
1694 2782 1747 2820 17
1780 2777 1897 2835 luci]

205 2834 365 2879 Lunae
390 2853 416 2879 κ
459 2839 465 2892 Ι
509 2837 732 2880 ordine-N
855 2842 908 2881 18
935 2838 1041 2881 add.
1068 2839 1091 2889 ζ
1129 2839 1135 2890 Ι
1177 2837 1352 2880 fuerint
1375 2842 1414 2879 Ν
1535 2842 1590 2879 22
1615 2837 1775 2880 iuncta
1798 2840 1838 2878 Ν

207 2898 263 2937 23
297 2895 552 2938 decernunt
584 2930 591 2939 .
623 2932 629 2939 .
660 2931 667 2939 .
703 2895 912 2939 efficiunt
942 2901 981 2938 Ν
1125 2901 1179 2939 26
1212 2896 1423 2953 humilis]
1457 2895 1621 2939 similis
1654 2897 1721 2940 vel
1753 2894 1896 2938 simili

205 2967 234 2994 σ
355 2957 409 2996 28
444 2954 716 2998 extimemus
747 2959 786 2997 N
818 2969 929 2999 corr.
956 2973 982 2998 κ

1930 1015 1972 1046 10

1929 1384 1970 1417 15

1929 1755 1971 1787 20

1929 2133 2013 2182 25-
