2038 3162
791 126 1145 173 PRAEFATIO.
1666 126 1816 171 XXIII

121 263 371 308 veniuntur
402 261 643 319 adscripti.
707 260 779 304 De
808 260 912 317 ipso
943 262 1156 314 textuW
1185 261 1235 304 in
1268 260 1474 305 editione
1507 261 1554 304 et
1585 261 1816 317 apparatu

121 322 284 368 critico
307 322 577 367 rettulimus
601 319 816 378 neglecto
841 320 1074 378 Lessingii
1098 319 1383 378 apographo.
1415 319 1461 363 N
1463 333 1514 364 60
1539 333 1666 374 sane,
1691 320 1815 375 quod

121 381 292 427 attinet
316 382 377 426 ad
399 380 667 436 Firmieum,
698 379 835 437 plura
858 380 916 424 de
940 393 995 424 6ο
1018 380 1216 436 proferri
1239 380 1448 435 interest,
1478 380 1559 424 sed
1584 378 1815 436 Lessingii

119 442 275 499 gratia
305 454 474 498 operae
504 439 708 498 pretium
732 438 917 484 videtur
947 453 1060 494 esse,
1091 441 1160 495 ut,
1192 439 1362 496 quibus
1392 439 1508 483 loeis
1538 439 1579 482 is
1611 438 1660 482 in
1687 440 1815 482 tran-

117 501 363 545 scribendo
396 499 639 554 erraverit,
678 498 756 543 hie
788 511 1096 556 exponamus:
1154 503 1236 543 121
1256 511 1298 543 2ο
1328 500 1478 558 yloria
1509 498 1726 555 Lessing,
1765 511 1814 542 re

114 574 224 605 vera
253 562 428 620 ylorias
450 565 505 603 W
529 560 727 616 (recte!),
761 557 843 601 sed
872 573 896 604 s
927 558 1096 603 deleta.
1172 563 1255 602 122
1274 570 1293 602 2
1317 559 1582 614 referuntur
1605 557 1813 613 Lessing,

114 621 386 676 coferuntur
415 624 471 662 W
556 622 640 662 133
658 630 702 662 14
730 618 908 672 fuerint
939 618 1147 675 Lessing,
1177 619 1274 674 situ
1304 619 1377 674 (=
1401 619 1560 674 fuerit)
1591 618 1716 662 recte
1745 619 1812 660 W

117 683 201 724 133
219 692 262 724 26
299 680 565 725 constitutos
602 677 818 734 Lessing,
858 680 1128 723 constitutas
1165 681 1291 724 reete
1324 683 1379 720 W
1513 681 1598 721 134
1615 689 1635 722 3
1678 678 1814 722 Mars

113 739 328 796 Lessing:
375 738 586 783 consulto
625 737 772 794 igitur
810 750 1011 782 errorem
1043 742 1097 780 W
1131 739 1258 784 Mar.
1290 737 1482 782 reticuit
1585 741 1708 781 1344
1736 751 1811 782 su-

106 800 288 856 perarit
317 798 528 856 Lessing,
558 798 834 861 sup(er)urit
858 802 913 839 W
938 801 1082 855 (ΞΝ,
1114 811 1220 842 vero
1252 797 1463 855 propius)
1557 801 1642 840 134
1659 807 1679 840 5
1706 810 1813 853 pro-

111 887 271 930 sperus
300 872 516 929 Lessing,
550 863 802 938 po-osper‘us
831 872 956 915 recte
988 875 1043 913 W
1143 876 1228 916 134
1246 884 1266 917 9
1297 873 1454 917 horosc
1483 870 1700 927 Lessing,
1735 871 1814 916 ho-

112 976 238 1008 rosco
263 967 317 1005 W
403 967 488 1006 134
507 975 548 1006 11
572 962 790 1019 inyressis
812 960 1022 1018 Lessing,
1046 961 1262 1019 inyressis
1286 975 1399 1006 corr.
1425 975 1514 1005 ras.
1542 974 1597 1004 ex
1621 974 1744 1006 -ssus
1759 965 1814 1003 W

115 1026 198 1066 134
217 1034 259 1067 13
300 1023 450 1068 Venus
481 1020 689 1076 Lessing,
725 1022 873 1066 Venus
905 1034 1019 1064 corr.
1052 1034 1142 1066 ras.
1176 1036 1231 1065 ex
1263 1022 1435 1066 venerit
1464 1025 1520 1063 W
1595 1025 1680 1064 134
1699 1033 1740 1065 17
1773 1026 1815 1065 et

111 1081 320 1139 Lessing,
346 1082 409 1126 ad
423 1080 603 1136 habuit,
621 1080 703 1124 sed
721 1079 894 1125 delevit
911 1081 957 1123 et
973 1085 1015 1125 et
1031 1094 1171 1138 supra
1192 1081 1379 1138 scripsit
1395 1085 1451 1122 W
1536 1084 1621 1124 134
1638 1092 1680 1125 19
1697 1094 1813 1125 com-

111 1141 360 1187 modaverit
384 1140 591 1198 Lessing,
617 1141 872 1186 comodarit
896 1143 951 1182 W
1026 1144 1111 1184 134
1129 1153 1171 1185 27
1196 1146 1238 1186 et
1262 1140 1470 1198 Lessing,
1525 1141 1562 1184 i.
1590 1142 1663 1196 (=
1681 1140 1812 1197 idest)

110 1202 235 1245 recte
266 1205 321 1244 W
413 1205 498 1244 134
516 1212 558 1244 28
595 1200 974 1257 horoscopumque
1004 1199 1220 1257 Lessing,
1260 1201 1474 1257 horamq3
1509 1213 1623 1244 corr.
1655 1199 1705 1242 in
1735 1200 1812 1243 ho-

110 1258 288 1333 roscglss
316 1279 368 1318 W
445 1278 528 1319 135
547 1287 567 1319 s
593 1289 672 1320 seu
694 1274 902 1330 Lessing,
938 1274 996 1318 .i.
1022 1275 1096 1331 (=
1114 1275 1246 1332 idest)
1278 1276 1404 1319 reete
1429 1279 1483 1317 W
1558 1278 1641 1317 135
1660 1288 1701 1319 11
1725 1276 1810 1319 mi-

110 1340 228 1380 nuta
255 1339 323 1390 W,
363 1335 445 1379 sed
478 1335 587 1379 ante
617 1349 662 1379 m
691 1334 831 1378 hasta
862 1333 1055 1377 inferior
1084 1333 1274 1379 litterae
1298 1350 1334 1392 p
1365 1334 1493 1378 vocis
1519 1335 1653 1392 ptilis
1684 1335 1739 1391 (v.
1768 1336 1810 1391 9)

109 1394 180 1438 ita
211 1394 414 1439 deducta
445 1396 536 1449 est,
575 1395 630 1437 ut
659 1394 813 1437 minus
846 1393 998 1437 acrius
1042 1394 1247 1438 intuenti
1277 1394 1429 1451 possit
1458 1399 1479 1437 i
1508 1393 1657 1437 videri
1689 1407 1808 1448 esse;

109 1454 235 1498 unde
259 1453 490 1511 Lessingii
514 1455 760 1499 imminuta
784 1455 936 1498 ortum
960 1454 1032 1497 est
1094 1457 1178 1498 135
1197 1466 1238 1499 15
1262 1455 1402 1499 minis
1428 1453 1634 1510 Lessing,
1658 1455 1812 1498 ruinis

109 1516 234 1558 recte
265 1518 319 1556 W
450 1517 534 1557 135
553 1526 594 1558 16
641 1514 895 1558 destinatus
942 1511 1136 1570 Lessing
1182 1515 1362 1571 (recte),
1410 1514 1492 1556 sed
1534 1514 1810 1558 destinatum

110 1577 166 1615 W
281 1577 365 1617 135
383 1584 425 1618 25
457 1574 753 1630 prosequitur
790 1571 1006 1629 Lessing,
1054 1573 1135 1616 sed
1176 1572 1300 1616 clare
1324 1574 1568 1630 ‚psequitur
1597 1574 1723 1616 recte
1754 1577 1809 1615 W

113 1636 196 1676 135
215 1645 257 1677 26
277 1634 497 1690 plectitur
513 1631 722 1689 Lessing,
743 1634 972 1689 plecti‘itur
995 1634 1121 1676 recte
1139 1637 1193 1676 W
1257 1637 1339 1676 136
1359 1646 1377 1677 1
1400 1633 1578 1687 fuerint
1602 1631 1808 1688 Lessing,

107 1693 204 1748 filit
234 1694 308 1747 (=
331 1693 475 1748 fuerit
521 1694 588 1735 W
652 1696 736 1736 136
755 1706 795 1736 11
828 1695 912 1736 aut
942 1691 1151 1749 Lessing,
1183 1692 1224 1736 ὠ
1254 1692 1422 1736 habuit
1454 1692 1530 1736 sed
1559 1691 1733 1735 delevit
1763 1694 1811 1735 et

109 1759 193 1798 aut
224 1766 366 1809 supra
397 1751 584 1808 scripsit
615 1756 670 1794 W
778 1755 860 1794 136
880 1765 921 1796 12
952 1754 1195 1796 trastantis
1225 1751 1440 1809 Lessing,
1480 1753 1724 1796 tractantis
1755 1757 1809 1794 W

112 1816 195 1856 136
214 1825 255 1856 21
290 1812 385 1866 fuit
417 1811 633 1868 Lessing,
671 1811 766 1866 fait
797 1814 869 1868 (=
893 1811 1051 1867 fuerit)
1085 1816 1139 1854 W
1244 1816 1326 1855 137
1346 1823 1365 1856 5
1398 1812 1460 1856 ad
1492 1811 1707 1868 Lessing,
1753 1812 1811 1856 ab

107 1877 236 1916 recte
259 1875 315 1913 W
389 1874 470 1914 137
491 1883 512 1915 s
543 1872 800 1927 epilepticos
823 1870 1018 1927 Lessing
1050 1872 1279 1927 epileticos
1303 1875 1357 1913 W
1432 1875 1516 1914 138
1534 1883 1554 1915 3
1578 1872 1812 1927 copulatos

109 1931 326 1988 Lessing,
359 1931 599 1987 copulatus
629 1934 685 1972 W
800 1934 922 1974 1386
955 1932 1202 1975 constituta
1234 1930 1449 1987 Lessing,
1482 1932 1724 1975 constituto
1756 1935 1811 1973 W

113 1995 196 2035 138
215 2003 257 2035 21
288 1991 467 2035 illicitis
499 1989 713 2047 Lessing,
753 1992 806 2035 in
836 1990 940 2035 citis
979 2004 1092 2033 corr.
1124 1989 1173 2033 in
1205 1991 1380 2035 illicitis
1411 1995 1467 2032 W
1498 1990 1641 2046 <quod
1674 1992 1721 2034 et
1762 1990 1811 2034 in

109 2079 201 2122 mg.
223 2063 511 2130 repetitum).
559 2068 643 2108 138
661 2077 705 2109 24
729 2065 919 2110 latenter
935 2064 1143 2121 Lessing,
1162 2057 1348 2110 latente}
1363 2069 1418 2107 W
1489 2069 1573 2108 138
1592 2077 1633 2109 25
1649 2070 1812 2121 stupra

109 2137 327 2195 Lessing,
357 2132 523 2193 stuprli
555 2140 610 2178 W
726 2141 809 2180 139
828 2149 870 2181 20
897 2139 1078 2194 primus
1110 2138 1323 2195 Lessing,
1350 2140 1532 2196 primus
1562 2139 1610 2181 in
1642 2152 1730 2182 ras.
1756 2144 1811 2181 W

110 2198 311 2255 (videtur
340 2196 484 2241 fuisse
508 2197 702 2252 primos)
787 2201 870 2240 139
891 2210 932 2242 2ο
964 2199 1326 2242 coniunctionem
1357 2198 1563 2256 Lessing,
1595 2200 1808 2243 coniunc-

110 2259 288 2302 tionum
319 2261 373 2299 W
404 2256 453 2299 in
492 2257 646 2309 textU,
695 2269 841 2300 -onem
881 2256 930 2299 in
968 2273 1061 2312 mg.
1210 2262 1292 2302 139
1312 2270 1353 2302 23
1394 2264 1434 2302 et
1474 2257 1668 2314 Lessing
1705 2264 1725 2301 i
1756 2263 1811 2301 W

113 2321 197 2360 139
216 2329 259 2361 24
289 2317 327 2360 ii
357 2315 563 2372 Lessing,
597 2317 640 2359 si
670 2329 783 2359 corr.
815 2316 864 2359 in
895 2317 965 2360 hii
995 2321 1049 2360 W
1141 2321 1223 2361 139
1242 2329 1282 2362 25
1315 2318 1571 2363 sortiantur
1603 2317 1810 2374 Lessing,

110 2377 366 2421 sortiantur
405 2389 518 2418 corr.
550 2375 599 2417 in
632 2381 796 2420 -untur
828 2380 882 2419 W
999 2380 1123 2421 2488
1155 2378 1341 2433 publico
1374 2377 1588 2434 Lessing,
1628 2378 1811 2433 publice

110 2437 236 2479 recte
268 2439 323 2478 W
425 2438 509 2478 248
530 2446 571 2478 13
602 2440 684 2479 aut
715 2434 910 2492 Lessing
940 2437 997 2480 ul
1029 2437 1102 2492 (=
1127 2437 1211 2492 vel)
1243 2439 1369 2480 reete
1402 2441 1456 2479 W
1556 2441 1639 2480 249
1659 2449 1702 2481 3ο
1733 2451 1810 2481 seu

112 2495 326 2551 Lessing,
371 2506 420 2547 s3
455 2495 529 2550 (-—-
553 2494 647 2551 sed)
677 2496 802 2538 recte
835 2499 889 2538 W
1021 2498 1104 2538 251
1123 2507 1145 2538 4
1176 2496 1357 2541 deaetros
1388 2495 1602 2552 Lessing,
1651 2497 1809 2540 dextro

111 2555 237 2598 reete
269 2557 323 2596 W
422 2558 505 2596 251
527 2566 567 2597 12
598 2554 738 2598 huius
767 2556 891 2598 recte
924 2554 1139 2611 Lessing,
1178 2557 1298 2600 huus
1330 2560 1384 2599 W
1491 2559 1572 2598 251
1595 2569 1636 2600 16
1666 2557 1810 2610 fuerit

112 2612 319 2670 Lessing,
350 2614 412 2657 sit
442 2614 567 2655 recte
593 2617 647 2655 W
715 2618 800 2656 252
820 2627 838 2658 2
870 2615 1087 2672 iunyetur
1112 2614 1326 2672 Lessing,
1358 2616 1582 2672 iunyatur
1606 2617 1730 2659 recte
1755 2620 1809 2658 W

115 2677 199 2716 252
218 2684 262 2716 14
291 2672 549 2728 epilepticos
579 2671 795 2728 Lessing,
836 2674 1063 2729 epileticos
1097 2678 1150 2716 W
1306 2679 1390 2717 252
1411 2687 1451 2718 19
1490 2675 1570 2718 hos
1599 2675 1808 2730 Lessing,

112 2733 192 2776 hos
216 2745 328 2775 corr.
357 2745 411 2773 ex
433 2732 504 2774 his
529 2735 582 2774 W
651 2736 737 2775 252
756 2743 798 2777 28
830 2733 1190 2777 debilitabuntur
1216 2733 1429 2789 Lessing,
1463 2734 1731 2778 debilitabat
1755 2739 1808 2776 W

115 2795 200 2834 253
219 2802 260 2834 1ο
291 2791 536 2834 emocarios
558 2790 767 2848 Lessing,
794 2805 1046 2850 emoroycos
1063 2797 1117 2835 W
1142 2792 1222 2836 sed
1247 2792 1329 2843 ita,
1355 2794 1408 2835 ut
1432 2792 1660 2849 Lessingii
1685 2806 1810 2836 error

114 2849 253 2893 facile
269 2848 587 2906 intellegatur,
605 2850 729 2905 quod
747 2849 1022 2907 singillatim
1041 2851 1300 2895 describere
1317 2852 1508 2907 longum
1541 2857 1625 2894 253
1645 2866 1685 2896 22
1703 2866 1808 2896 con-

112 2909 285 2954 stitutis
315 2907 524 2966 Lessing,
555 2910 826 2954 constitutus
851 2912 976 2953 recte
1001 2915 1055 2953 W
1129 2915 1213 2953 254
1234 2916 1284 2954 11
1320 2912 1576 2967 epilepticos
1599 2911 1805 2966 Lessing,

113 2968 371 3024 epilenticos
387 2971 442 3011 W
492 2971 578 3011 254
595 2979 637 3012 15
652 2969 929 3014 valetudinis
945 2969 1150 3027 Lessing,
1166 2970 1443 3015 valitudinis
1460 2974 1513 3013 W
1564 2975 1649 3014 254
1669 2983 1710 3015 18
1727 2972 1805 3015 iis-
