2078 3174
204 121 229 171 1
238 119 310 171 30
934 118 1163 163 ἙΙΕΜΙΟΙ

199 240 434 308 inpellat.
504 240 666 294 Docti
705 241 866 294 etiam
902 239 1161 292 sermonis
1193 239 1354 291 simul
1383 239 1551 308 positi
1582 243 1893 292 ornamenta

199 315 510 382 decernunt,
562 318 624 367 ut
678 314 837 367 docta
882 313 1222 366 institutione
1268 331 1440 366 sermo
1486 314 1750 366 formatus
1804 332 1892 365 au-

199 387 458 440 dientium
499 406 651 440 aures
691 391 844 458 grata
889 388 1245 455 †to]leratore
1292 405 1501 456 semper
1539 387 1751 456 illiciat,
1799 390 1893 439 aut

198 462 389 514 musici
429 462 678 514 carminis
717 462 904 514 modos
938 461 1173 530 tradunt,
1213 464 1265 514 et
1296 461 1621 529 praeclaram
1651 461 1891 530 poeticae

146 535 549 605 2disciplinam.
644 534 749 588 Sed
801 535 901 588 hos
955 536 1171 588 eosdem
1223 534 1570 588 honestarum
1623 535 1892 603 (artium)
1938 556 1958 588 5

201 612 513 662 ornamento
555 610 926 663 condecorant.
1006 608 1110 662 Sed
1150 609 1194 661 si
1233 609 1291 660 in
1342 608 1511 678 signis
1563 609 1673 662 suis
1729 609 1890 662 simul

195 683 360 750 positi
413 684 616 752 primos
662 683 943 754 geniturae
987 682 1326 752 possederint
1375 682 1615 736 cardines
1623 725 1638 752 ,
1698 683 1784 735 vel
1833 683 1891 735 in

196 757 393 809 finibus
441 758 626 827 (suis)
674 757 954 811 constituti
1005 757 1063 808 in
1109 757 1390 826 oportunis
1437 757 1713 828 geniturae
1756 757 1889 810 locis

196 831 393 883 fuerint
440 832 666 900 inventi,
715 835 846 885 tunc
892 850 1027 900 quae
1067 850 1094 879 *
1135 850 1162 880 ,κ
1203 850 1230 880 *
1272 851 1299 879 *
1340 850 1366 879 *
1405 831 1538 884 haec
1574 831 1766 883 maiori
1806 831 1889 884 de-

195 908 456 958 cretorum
512 908 778 974 potestate
834 906 1166 974 conplentur.
1252 905 1309 958 Si
1369 923 1494 958 vero
1561 907 1618 957 in
1671 905 1887 958 deiectis
1914 926 1956 957 ιο

194 979 326 1032 locis
366 980 565 1048 pariter
602 979 872 1050 (fuerint)
912 979 1206 1048 constituti,
1256 980 1488 1032 musicos
1528 979 1747 1048 faciunt,
1799 979 1888 1032 sed

143 1054 175 1104 3
196 1053 545 1122 popularibus
577 1054 946 1122 voluptatibus
980 1054 1279 1122 deputatos,
1335 1052 1537 1115 Quodsi
1569 1054 1731 1107 simul
1753 1052 1887 1106 Mer-

196 1128 400 1179 curium
448 1146 509 1180 ac
557 1127 822 1180 Venerem
876 1130 1168 1180 collocatos
1214 1127 1511 1198 malignum
1559 1127 1703 1181 sidus
1752 1127 1887 1179 Mar-

193 1201 262 1253 tis
303 1203 588 1270 aspexerit,
626 1202 809 1256 faciles
848 1202 1065 1271 nuptias
1106 1202 1198 1254 sed
1237 1219 1358 1253 cum
1400 1202 1628 1270 quadam
1667 1201 1887 1254 infamia
1929 1204 1931 1206 ’

194 1293 255 1328 ac
298 1279 429 1328 nota
476 1277 778 1330 decernunt.
861 1276 1010 1328 Tunc
1058 1277 1199 1328 enim
1245 1293 1533 1344 puerorum
1579 1275 1886 1328 mulierum-
1913 1295 1954 1328 15

193 1367 295 1417 que
348 1350 663 1403 concubitus
714 1350 982 1419 aequabili
1024 1349 1391 1418 <cupidi>tate
1441 1349 1764 1419 desiderant,
1834 1353 1887 1401 et

191 1425 333 1475 ultra
377 1424 596 1477 modum
644 1427 831 1493 stupra
877 1442 997 1476 cum
1044 1424 1278 1476 maxima
1323 1424 1488 1476 animi
1537 1423 1887 1476 delectatione

139 1497 477 1550 4sectantur.
557 1496 660 1550 Sed
711 1499 757 1550 si
804 1499 860 1550 in
907 1498 1093 1551 eodem
1141 1500 1294 1568 signo
1341 1498 1398 1550 in
1447 1515 1553 1566 quo
1602 1501 1685 1550 est
1730 1499 1886 1551 horo-

193 1588 411 1640 scopUS,
461 1570 644 1624 Venus
684 1576 737 1625 et
774 1572 1067 1625 Mercurius
1113 1573 1312 1625 fuerint
1351 1573 1553 1641 pariter
1591 1572 1886 1640 constituti,

191 1647 318 1697 tunc
381 1646 621 1698 divinum
681 1646 988 1699 hominibus
1045 1646 1347 1698 decernitur
1399 1646 1695 1715 ingenium,
1757 1649 1886 1698 tunc
1911 1667 1955 1698 2⁰

192 1737 364 1771 sermo
403 1721 689 1790 magnifico
731 1721 1066 1789 eloquentiae
1107 1721 1385 1789 splendore
1426 1720 1719 1789 decoratur,
1757 1724 1886 1772 tunc

192 1794 428 1845 carmina
469 1812 653 1846 eorum
694 1794 873 1846 divina
911 1795 1155 1847 dicentur
1185 1794 1535 1863 inspiratione
1569 1795 1883 1863 conscripta.

192 1866 294 1919 Sed
334 1868 466 1921 haec
506 1869 685 1921 omnia
723 1868 915 1922 maiori
955 1869 1169 1921 cumulo
1208 1868 1484 1922 felicitatis
1524 1873 1801 1938 augentur,
1839 1869 1884 1919 si

190 1958 280 1992 eos
335 1942 495 1994 simul
547 1942 604 1993 in
650 1942 951 2011 horoscopo
1000 1944 1320 1995 constitutos
1367 1942 1452 1994 vel
1501 1943 1557 1994 in
1605 1942 1883 2011 oportunis

189 2015 464 2084 geniturae
521 2016 655 2068 locis
713 2016 918 2085 positos
971 2015 1216 2086 Iuppiter
1266 2019 1319 2068 et
1366 2016 1520 2068 Luna
1570 2019 1622 2068 et
1671 2017 1775 2085 ipsi
1826 2016 1883 2068 in
1908 2037 1951 2069 25

190 2090 471 2156 oportunis
525 2089 658 2142 locis
712 2090 877 2158 positi
929 2108 1187 2159 prospera
1233 2090 1288 2142 id
1334 2094 1414 2142 est
1459 2090 1676 2160 trigona
1713 2090 1880 2142 radia-

188 2163 335 2215 tione
374 2164 716 2232 respexerint.

190 2307 465 2363 φιλοφιλους
490 2307 775 2365 (πολυφίλων
806 2311 899 2354 cod.
926 2308 1213 2365 πολυφίλους
1245 2312 1283 2364 ζ)
1307 2325 1354 2353 τε
1386 2310 1466 2353 καὶ
1492 2309 1771 2366 φιλοκάλους
1801 2312 1880 2354 καὶ

188 2367 293 2421 περὶ
324 2366 547 2412 παιδείαν
586 2369 666 2411 καὶ
707 2368 1013 2444 σωφροσύνην
1054 2368 1134 2412 τὸν
1175 2376 1289 2412 νοῦν
1323 2369 1616 2426 ἔχοντας..
1650 2376 1796 2412 ταῦτα
1829 2370 1879 2414 δὲ

188 2426 343 2469 πάντα
369 2424 397 2481 ἢ
422 2425 699 2471 ἐπιτείνεται
739 2425 767 2483 ἢ
810 2426 992 2471 ἀνίεται
1028 2429 1078 2472 ἐκ
1109 2433 1192 2483 τῆς
1221 2434 1445 2484 τροπικῆς
1478 2429 1769 2485 ὃιαγνωσεως
1799 2430 1878 2472 καὶ

187 2490 269 2540 τῆς
299 2493 389 2528 τῶν
421 2484 625 2540 ἀστέρων
658 2485 852 2540 φάσεως.
888 2489 1005 2543 (129,
1033 2491 1087 2529 26
1121 2492 1162 2531 et
1194 2491 1292 2542 130,
1320 2489 1391 2542 14>
1436 2488 1540 2542 περὶ
1572 2487 1623 2531 δὲ
1655 2494 1883 2543 γυναῖκας

189 2542 383 2593 ἄστατος
414 2545 494 2587 καὶ
527 2543 872 2601 εὐμετανὸητος.

307 2681 331 2718 3
373 2690 506 2720 aures
538 2678 585 2735 κ]
627 2679 682 2720 ut
718 2692 791 2720 res
815 2682 854 2719 N
896 2679 902 2734 Ι
944 2677 1234 2736 tolleratore]
1274 2678 1517 2734 voluptate
1548 2680 1708 2734 potius
1742 2692 1878 2734 quam

186 2735 506 2780 modulatione
537 2739 563 2788 ζ
595 2738 600 2793 Ι
639 2736 818 2781 illiceat
841 2741 880 2778 N
1001 2741 1026 2779 5
1061 2739 1167 2781 add.
1195 2741 1219 2789 ζ
1337 2743 1363 2781 8
1396 2739 1503 2782 add.
1530 2741 1555 2790 ζ
1673 2742 1697 2780 9
1731 2737 1879 2796 <ante

188 2793 387 2837 diximus
419 2795 579 2854 bona>
613 2810 647 2839 e.
680 2811 720 2852 9.
754 2799 779 2847 ζ
899 2800 950 2838 11
986 2797 1092 2840 add.
1127 2799 1151 2849 ζ
1277 2802 1333 2839 14
1365 2797 1586 2839 infamiae
1619 2798 1732 2840 nota
1765 2799 1788 2848 ζ

189 2857 241 2894 16
276 2853 613 2908 aequabilitate
643 2859 692 2896 N
714 2869 825 2899 corr.
845 2856 869 2906 ζ
988 2860 1041 2899 21
1076 2855 1343 2910 elquentiae
1370 2860 1409 2897 N
1466 2859 1471 2910 1
1530 2855 1808 2899 decorantur
1837 2859 1879 2896 N

247 2916 300 2954 25
333 2913 475 2967 positi
506 2918 545 2955 N
667 2918 721 2956 26
755 2913 986 2970 trigonica
1018 2917 1043 2966 ζ
1163 2919 1216 2957 27
1249 2915 1506 2970 respexerit
1537 2919 1576 2956 N
