2078 3174
246 94 351 145 144
976 94 1208 140 FIRMICI

152 214 238 267 14¹
354 214 412 267 Si
457 213 601 267 Mars
648 215 705 267 in
751 213 866 266 MC.
913 215 1182 284 partiliter
1227 216 1392 268 fuerit
1437 217 1707 285 111161113115,
1760 221 1813 270 et
1861 236 1939 271 se-

241 289 473 341 cundum
514 290 580 342 ab
615 306 676 340 eo
711 290 925 358 signum
956 290 1084 358 <111>
1114 289 1292 343 vicino
1325 289 1502 358 posita
1534 290 1752 344 Saturni
1783 295 1939 346 stella

239 363 524 431 possideat,
579 362 875 416 laboriosos
927 382 1188 433 pauperes
1241 366 1294 416 et
1344 365 1511 416 vitam
1562 384 1727 418 manu
1779 383 1940 434 quae-

240 440 416 490 rentes
467 437 664 489 efficiet
710 437 814 489 ista
860 437 1181 490 00111111101310.
1262 435 1367 490 Sed
1414 441 1467 490 et
1511 439 1705 492 faciem
1752 458 1938 493 eorum

73 522 248 565 ssl-WI
269 512 442 564 tristis
498 529 706 580 semper
759 511 942 563 vultus
997 511 1279 564 innubilat.
1357 510 1462 565 Sed
1515 516 1569 565 et
1622 513 1670 565 si
1723 513 1778 564 in
1822 513 1937 567 MC.
1986 537 2005 569 5

240 585 383 637 Mars
435 586 761 637 constitutus
809 604 927 634 *xz*
976 588 1201 654 aequata
1249 589 1400 654 parte
1450 587 1724 656 respiciat,
1778 590 1831 639 613
1882 587 1938 640 111

241 659 402 711 medii
442 659 573 711 caeli
613 658 843 711 secundo
886 660 1040 729 signo
1082 658 1345 712 Saturnus
1392 661 1468 714 sic
1516 662 1587 713 sit
1630 661 1768 714 5101113
1816 665 1938 714 ante

196 744 200 746 ’
240 733 474 786 diximus
521 734 860 801 constitutus,
908 734 1110 786 maiora
1157 733 1513 786 decernuntur
1560 753 1721 788 onera
1766 735 1940 789 infeli—

241 807 440 876 citatis,
503 811 555 859 et
615 807 880 859 maiorum
943 807 1361 860 infortuniorum
1417 809 1662 862 cumulus
1717 810 1935 863 accedit.

242 881 345 934 Sed
393 885 446 934 et
490 899 766 950 nunquam
817 882 875 933 hi
916 883 1009 950 qui
1048 881 1126 935 sic
1166 900 1254 934 eos
1293 881 1582 936 habuerint
1621 884 1765 951 quod
1804 884 1938 936 desi·
1965 906 2006 938 10

241 956 428 1008 derant
467 959 879 1024 consequuntur.

157 1029 223 1085 15
359 1029 417 1082 Si
456 1029 609 1082 Luna
647 1031 705 1081 in
748 1029 914 1081 labris
953 1027 1156 1082 Arietis
1195 1031 1282 1082 vel
1320 1030 1377 1082 in
1409 1029 1734 1099 Capricorno
1775 1032 1940 1084 fuerit

239 1105 468 1171 inventa,
507 1104 593 1156 vel
632 1103 794 1156 Tauri
832 1105 984 1156 labra
1023 1104 1188 1156 simili
1226 1105 1432 1157 ratione
1471 1105 1784 1175 possederit,
1827 1125 1938 1158 mu-

238 1178 395 1231 lieres
452 1177 664 1246 quidem
719 1179 988 1247 viragines
1041 1178 1214 1246 faciet,
1268 1178 1412 1232 viros
1464 1197 1589 1232 vero
1641 1180 1708 1232 ad
1760 1181 1938 1233 omnia

238 1252 371 1304 vitia
408 1251 695 1304 libidinum
737 1270 946 1321 semper
984 1253 1211 1321 inpellit,
1250 1255 1310 1303 ut
1349 1254 1541 1305 misero
1583 1254 1838 1308 concitati
1875 1254 1937 1306 li·
1963 1275 2005 1308 15

238 1326 438 1388 bidinis
481 1327 698 1378 stimulo
751 1326 932 1395 inpuri
979 1329 1032 1379 et
1080 1327 1321 1395 inpudici
1368 1327 1540 1380 coitus
1591 1331 1719 1380 vota
1766 1328 1937 1382 conci-

236 1402 404 1468 piant.
485 1399 639 1462 Quod
685 1400 730 1452 si
776 1400 930 1452 Luna
975 1400 1032 1453 in
1084 1401 1168 1453 his
1224 1401 1279 1453 in
1335 1401 1530 1470 quibus
1585 1402 1816 1455 diximus
1874 1403 1939 1455 si-

235 1493 468 1544 gnorum
499 1475 663 1527 fuerit
693 1476 935 1543 partibus
978 1477 1251 1543 collocata,
1284 1478 1336 1528 et
1372 1474 1470 1528 has
1510 1476 1719 1529 easdem
1759 1479 1939 1545 partes

239 1549 533 1601 Mercurius
589 1552 641 1600 et
694 1548 839 1602 Mars
895 1568 1014 1602 cum
1065 1549 1218 1601 Luna
1270 1550 1436 1618 positi
1490 1550 1674 1602 eadem
1730 1552 1939 1603 ratione

238 1622 590 1692 possederint,
637 1626 689 1674 et
735 1623 889 1675 Luna
935 1642 964 1674 a
1010 1622 1201 1675 Martis
1250 1623 1448 1676 defluat
1495 1626 1665 1692 stella,
1711 1625 1768 1676 in
1814 1643 1938 1693 qua·
1963 1646 2006 1678 20

240 1715 472 1764 cumque
514 1698 655 1766 signi
691 1700 844 1765 parte
883 1697 1036 1749 Luna
1072 1697 1234 1749 fuerit
1273 1698 1502 1767 inventa,
1543 1717 1609 1750 ex
1646 1697 1747 1750 hac
1785 1702 1938 1767 parte

240 1772 432 1823 vitium
479 1770 719 1823 libidinis
768 1771 1050 1824 invenitur.
1126 1770 1267 1839 <Sed
1306 1771 1353 1823 si
1390 1771 1489 1824 hos
1531 1773 1608 1825 sic
1647 1774 1937 1826 collocatos

240 1845 483 1914 Iuppiter
521 1844 786 1915 trigonica
824 1845 1118 1897 radiatione
1149 1845 1416 1914 respiciat,
1456 1845 1541 1899 vel
1574 1848 1619 1899 si
1652 1864 1772 1899 cum
1805 1847 1936 1916 ipsis

240 1920 401 1972 fuerit
439 1919 740 1987 inventus>
778 1919 1173 1988 praedictorum
1211 1920 1468 1972 vitiorum
1507 1920 1710 1990 tegitur
1749 1924 1802 1972 et
1842 1921 1938 1973 mi-

152 1995 222 2047 16
242 1993 445 2063 tigatur
475 1991 787 2062 inprobitas.
852 1993 910 2046 Si
941 2011 1067 2045 vero
1101 1994 1214 2045 sine
1246 1994 1556 2046 testimonio
1584 1993 1727 2047 Iovis
1753 1993 1936 2047 Venus
1962 2016 2003 2048 25

241 2068 403 2120 fuerit
444 2087 560 2120 cum
603 2067 687 2119 his
727 2069 959 2136 inventa,
1000 2085 1156 2120 omne
1194 2067 1385 2120 vitium
1423 2069 1706 2136 inpudicae
1735 2069 1937 2137 inpuri-

240 2142 367 2194 tatis
422 2141 690 2193 indicitur.
767 2141 918 2194 Tunc
978 2142 1080 2193 viri
1143 2144 1437 2210 spontaneo
1500 2142 1695 2195 furoris
1750 2143 1938 2196 ardore

239 2216 522 2268 muliebria
569 2216 870 2283 patiuntur,
924 2219 1054 2267 1311110
1102 2216 1294 2284 inpura
1343 2216 1581 2269 facinora
1631 2217 1816 2269 ardore
1863 2217 1937 2268 vi-

237 2290 409 2343 tiosae
463 2290 702 2342 libidinis
758 2293 1108 2358 exequuntur.
1188 2288 1245 2342 Si
1301 2308 1424 2342 vero
1479 2290 1643 2342 fuerit
1697 2290 1935 2344 mulieris

362 2425 386 2462 2
421 2420 525 2463 add.
553 2438 580 2463 κ
613 2420 783 2475 (vicina
814 2423 851 2476 ζ)
976 2425 1000 2462 5
1035 2421 1116 2463 sed
1149 2420 1290 2463 etiam
1323 2422 1370 2463 et
1401 2423 1440 2464 Δ
1573 2426 1598 2464 6
1631 2423 1713 2466 lac.
1738 2426 1841 2466 stat.
1869 2423 1892 2474 ζ
1925 2421 1931 2480 Ι

240 2479 289 2520 in
314 2485 355 2522 et
379 2479 660 2522 constitutus
687 2480 768 2523 dez.
796 2495 823 2521 a
947 2484 1000 2523 10
1032 2479 1282 2522 habuerint
1305 2482 1358 2536 N]
1395 2479 1661 2523 habuerunt
1783 2486 1836 2522 12
1868 2480 1935 2523 la-

241 2537 331 2580 biis
364 2552 476 2582 corr.
510 2541 533 2590 ζ
581 2538 587 2596 Ι
638 2538 906 2594 Capricorni
937 2544 971 2580 D
1096 2543 1150 2581 13
1182 2539 1314 2581 labra
1339 2540 1435 2596 BG]
1469 2539 1596 2582 labia
1619 2538 1669 2582 A'
1702 2538 1823 2582 libra
1847 2541 1887 2582 Δ
1926 2540 1930 2597 Ι

241 2597 502 2640 radiatione
536 2600 575 2640 Δ
701 2602 754 2641 14
788 2600 834 2640 613
866 2598 1055 2653 quidem
1087 2600 1126 2640 A
1179 2602 1184 2654 Ι
1234 2597 1351 2641 facit
1374 2602 1455 2640 An
1579 2603 1632 2641 17
1666 2598 1783 2654 sign.
1817 2598 1931 2642 fuer.

241 2659 359 2710 part.
386 2657 483 2714 BG]
511 2657 628 2713 sign.
654 2658 773 2712 part.
799 2656 915 2700 fuer.
934 2655 982 2698 A‘
1016 2657 1048 2699 f.
1075 2672 1109 2700 5.
1133 2671 1177 2712 p.
1203 2662 1238 2698 D
1271 2656 1412 2700 fuerit
1435 2671 1518 2701 om.
1537 2662 1575 2699 N
1696 2662 1752 2700 20
1778 2657 1837 2700 ad
1863 2692 1871 2700 .
1893 2692 1903 2700 .
1922 2691 1932 2700 .

241 2714 426 2757 stellam
463 2718 509 2758 Γ
625 2721 679 2758 22
713 2717 820 2759 add.
845 2720 884 2757 N
933 2718 939 2770 Ι
990 2715 1243 2759 collocatus
1275 2720 1314 2757 N
1345 2730 1456 2760 corr.
1484 2718 1507 2768 ζ
1626 2720 1682 2759 24
1714 2716 1933 2759 vitiorum

239 2774 587 2828 praedictorum
618 2778 705 2818 AG
868 2779 921 2816 27
950 2777 1207 2830 spontanea
1238 2774 1406 2818 furoris
1439 2776 1500 2818 ad
1531 2775 1693 2819 horam
1725 2789 1836 2819 corr.
1869 2789 1932 2818 κσ

303 2838 358 2875 28
391 2833 556 2889 inpuro
589 2848 701 2878 corr.
737 2848 762 2877 6
820 2836 825 2889 Ι
883 2834 1090 2877 facinora
1123 2834 1286 2877 ardore
1319 2834 1359 2891 ζ]
1403 2834 1576 2878 honore
1609 2836 1690 2891 (sic
1721 2838 1803 2876 AB
1849 2834 1930 2877 110-

240 2904 349 2934 nere
383 2896 417 2933 G
465 2905 600 2935 onere
633 2896 691 2948 A)
725 2893 936 2935 ardorem
