2066 3192
813 170 853 214 V
886 175 926 225 3,
952 183 1113 215 ai—sv.
1743 172 1812 224 41

125 292 420 346 Morientur
458 309 585 344 sane
624 291 752 344 filiis
791 291 961 344 diviso
1000 291 1326 360 patrimonio
1375 295 1429 344 et
1468 291 1534 344 ab
1568 292 1816 345 omnibus

120 366 374 435 periculis
412 383 474 418 ac
512 365 965 418 sollicitudinibus
1004 365 1239 434 liberati,
1290 366 1334 419 si
1374 368 1552 419 tamen
1592 367 1699 419 illis
1738 367 1817 418 in-

122 444 333 511 tegrum
382 441 524 492 vitae
572 440 804 508 spatium
852 458 882 490 a
930 439 1144 492 domino
1184 441 1458 509 geniturae
1496 439 1661 492 fuerit
1701 440 1782 492 de·
1801 452 1977 496 sot-⁶2&

124 517 340 567 cretum.
420 513 590 576 Quam
637 532 749 567 rem
799 513 937 566 sicut
982 514 1289 582 frequenter
1335 514 1567 566 diximus
1612 514 1668 566 in
1708 533 1817 567 om-

78 608 99 642 5
120 589 278 642 nibus
318 588 578 659 genituris
618 587 863 657 diligenti
903 587 1061 640 debes
1099 586 1305 640 ratione
1345 589 1609 659 colligere.

233 661 573 732 [Saturnus
605 662 669 715 in
702 660 1092 730 Scorpione]
1141 660 1245 724 Qui
1270 660 1559 715 Saturnum
1586 663 1642 715 in
1667 661 1818 715 Scor·
1835 663 1904 715 35

120 736 281 805 pione
326 735 636 806 habuerint,
683 735 867 789 multis
914 734 1087 788 turbis
1134 736 1191 788 in
1237 736 1409 805 prima
1447 736 1725 789 iuventute
1765 740 1819 790 et

121 811 304 863 multis
357 810 609 880 periculis
664 811 1052 880 inpugnantur,
1106 813 1159 863 et
1203 828 1377 879 neque
1422 814 1674 879 paternae
1719 828 1818 863 nec

119 888 390 937 maternae
437 883 770 936 substantiae
807 884 1082 937 habebunt
1120 887 1456 952 potestatem.
1535 883 1638 938 Sed
1679 888 1732 937 et
1773 886 1816 938 si

54 979 98 1012 ιο
122 958 325 1028 aliquid
364 977 429 1011 ex
467 957 624 1011 rebus
663 959 901 1028 paternis
941 976 1003 1011 ac
1042 959 1296 1011 maternis
1334 958 1479 1011 nacti
1509 959 1724 1028 fuerint,
1762 960 1817 1011 id

121 1036 293 1086 totum
344 1033 506 1085 variis
557 1032 999 1102 dissipationibus
1053 1033 1314 1085 minuunt.
1394 1031 1498 1085 Sed
1555 1051 1652 1086 nec
1707 1035 1818 1086 vita

119 1110 401 1177 parentum
455 1110 549 1159 aut
602 1106 744 1159 clara
805 1107 907 1159 erit
962 1109 1056 1159 aut
1109 1106 1322 1159 nobilis,
1413 1106 1526 1176 Ipsi
1579 1126 1705 1161 vero
1761 1108 1813 1159 in

118 1182 294 1251 prima
332 1185 506 1235 aetate
544 1180 792 1234 maximis
840 1180 1042 1234 deliciis
1088 1181 1406 1249 nutrientur,
1457 1185 1646 1250 postea
1691 1200 1816 1235 vero

121 1259 276 1308 erunt
321 1257 376 1308 in
423 1255 687 1327 angustiis
735 1258 787 1308 et
826 1256 883 1308 in
920 1255 1123 1323 †exitu
1163 1258 1215 1307 et
1255 1256 1312 1308 in
1351 1255 1628 1309 laboribus
1670 1259 1721 1308 et
1760 1257 1813 1308 in

55 1351 96 1384 ιε
121 1330 564 1401 aegritudinibu87
604 1333 657 1382 et
696 1348 816 1382 cum
857 1348 1051 1400 magna
1083 1329 1400 1382 difficultate
1433 1333 1486 1382 et
1518 1347 1638 1382 cum
1671 1349 1815 1401 mag-

119 1406 203 1458 nis
250 1405 513 1476 angustiis
560 1407 613 1457 et
660 1405 714 1456 in
754 1405 963 1474 magnis
1001 1402 1276 1457 laboribus
1317 1404 1637 1457 cottidianae
1676 1406 1816 1458 vitae

120 1479 394 1531 habebunt
446 1479 711 1531 alimenta.
788 1477 1161 1530 Decernuntur
1212 1482 1389 1531 autem
1437 1479 1633 1532 similia
1679 1481 1811 1548 peri-
1833 1479 1903 1531 36

121 1553 241 1606 cula
280 1553 630 1606 ebdomaticis
663 1556 716 1605 et
748 1551 1038 1605 enneaticis
1071 1553 1223 1605 annis
1254 1553 1493 1622 <us>que
1526 1553 1591 1605 ad
1624 1552 1813 1606 XLIII.

121 1627 310 1680 aetatis
349 1646 562 1681 annum.
641 1626 745 1680 Sed
789 1627 833 1679 si
872 1626 1230 1695 periculorum
1270 1630 1508 1695 tempore
1550 1627 1814 1680 benivola-

55 1723 98 1756 πο
120 1721 239 1755 rum
279 1704 553 1755 stellarum
601 1702 801 1754 fuerint
846 1701 1112 1770 praesidio
1162 1700 1448 1769 sublevati,
1496 1702 1814 1754 instantium

119 1776 481 1847 periculorum
545 1775 831 1828 discrimen
893 1775 1145 1845 evadunt3
1215 1775 1566 1828 nihilominus
1636 1780 1814 1829 tamen

121 1851 280 1904 etiam
321 1851 398 1904 sic
429 1850 643 1903 eosdem
676 1850 903 1902 assiduis
936 1850 1205 1902 erroribus
1238 1850 1471 1903 turbant.
1552 1849 1655 1902 Sed
1694 1868 1813 1903 cum

119 1926 297 1978 locum
360 1943 515 1976 suum
580 1923 840 1977 Saturnus
893 1924 1106 1994 trigona
1158 1924 1455 1978 radiatione
1508 1925 1817 1995 respexerit,

123 1998 426 2068 specialiter
463 2002 644 2051 tamen
683 2016 802 2051 cum
836 1999 892 2050 in
926 1996 1127 2051 Cancro
1159 1999 1338 2067 fuerit,
1375 2000 1536 2051 faciet
1568 1999 1814 2051 tristitias

56 2094 97 2127 25
123 2072 332 2127 dolores
364 2073 821 2143 peregrinationes
854 2073 1142 2142 angustias.
1198 2072 1398 2125 Verum
1434 2090 1551 2125 cum
1586 2073 1652 2124 ad
1683 2073 1813 2126 Leo-
1832 2058 1900 2110 37

120 2166 240 2201 nem
279 2148 484 2200 venerit
521 2151 574 2199 et
611 2148 901 2199 stationem
942 2147 996 2198 in
1037 2146 1221 2199 eodem
1259 2149 1413 2216 signo
1446 2147 1644 2216 fecerit,
1684 2150 1815 2201 tunc

121 2222 276 2274 initia
321 2221 595 2274 felicitatis
646 2222 815 2291 dabit3
861 2220 1061 2289 (tunc)
1107 2239 1196 2273 eos
1243 2222 1373 2273 facit
1420 2221 1566 2273 omni
1609 2222 1813 2274 ratione

121 2297 391 2365 proficere,
430 2299 559 2348 tunc
596 2295 892 2348 honestatis
932 2294 1164 2365 insignia
1202 2295 1564 2362 conferuntur,
1608 2298 1661 2348 et
1700 2295 1815 2366 glo·

240 2506 265 2544 6
290 2503 450 2546 lemma
475 2515 557 2546 om.
577 2503 618 2545 Δ
712 2506 734 2544 7
760 2500 980 2543 habuerit
1004 2514 1117 2545 corr.
1135 2515 1164 2542 v
1256 2504 1282 2543 8
1307 2500 1596 2558 inpugnatur
1620 2516 1734 2546 corr.
1753 2517 1782 2543 v
1803 2509 1807 2559 ς

121 2574 207 2604 neo
238 2576 267 2603 v
298 2561 500 2618 (neque)]
536 2573 590 2603 ac
712 2564 766 2603 10
799 2562 935 2603 erunt
966 2562 1005 2603 Δ
1155 2562 1212 2603 ’11
1246 2560 1417 2603 minuit
1449 2563 1488 2603 Δ
1530 2560 1743 2604 minuent
1776 2565 1812 2602 A

121 2619 347 2663 minuitur
377 2623 402 2671 ζ
537 2624 589 2662 13
622 2621 856 2675 postremo
889 2621 927 2662 A
1054 2623 1108 2662 14
1139 2619 1188 2661 in
1221 2619 1451 2675 angustiis
1485 2646 1539 2651 —
1573 2619 1811 2664 laboribus

123 2682 169 2723 et
199 2680 283 2724 del.
309 2695 336 2721 a
366 2680 612 2736 yeminatio
643 2679 903 2733 manifesta,
935 2678 1011 2722 sed
1042 2678 1153 2734 quid
1184 2679 1434 2723 eiciendum
1462 2679 1651 2733 difficile
1673 2681 1774 2723 visu
1802 2679 1807 2736 Ι

123 2738 271 2796 exitu]
296 2740 428 2781 aestu
453 2755 481 2781 κ
508 2740 514 2794 Ι
542 2739 590 2781 et
618 2737 712 2781 lab.
743 2740 790 2781 Γ
891 2742 945 2780 15
979 2751 1083 2780 cum
1110 2742 1206 2781 sec·
1219 2751 1302 2781 om.
1334 2740 1379 2781 Γ
1482 2743 1535 2781 16
1568 2737 1616 2781 in
1642 2739 1725 2782 del.
1746 2755 1773 2781 κ
1802 2752 1805 2795 g

122 2797 172 2840 in
204 2797 331 2840 exitu
363 2796 436 2839 vel
467 2797 613 2841 labor.
643 2799 689 2841 Γ
716 2796 947 2853 angustiis
980 2796 1047 2854 [et
1079 2796 1127 2839 in
1161 2797 1308 2854 exitu]
1341 2796 1411 2840 vel
1446 2798 1627 2854 magnis
1660 2797 1752 2840 lab.
1788 2811 1813 2840 σ

201 2861 253 2899 17
288 2857 443 2900 autem
475 2855 650 2899 similia
681 2854 793 2914 A‘n]
826 2857 909 2899 aut
941 2854 1107 2899 similis
1273 2860 1326 2900 18
1358 2869 1505 2911 usque
1530 2856 1577 2913 a]
1603 2870 1693 2912 que

124 2919 179 2958 22
212 2915 466 2960 terroribus
490 2920 530 2958 N
555 2917 563 2971 Ι
590 2914 751 2959 turbat
781 2931 808 2957 a
989 2919 1044 2957 23
1077 2914 1310 2971 trigonica
1343 2917 1367 2967 ζ
1545 2920 1599 2959 26
1632 2914 1811 2959 venerit

126 2972 351 3019 Saturnus
387 2976 433 3018 Γ
594 2977 647 3018 27
681 2974 787 3017 add.
813 2991 841 3017 κ
869 2976 875 3029 Ι
902 2973 1164 3017 radiatione
1201 2976 1247 3019 Γ
