2066 3192
806 155 849 199 V
882 161 922 210 1,
946 167 1107 202 21—25.
1737 154 1805 206 13

118 280 212 332 aut
265 277 722 330 nutrimentorum·
769 276 943 347 gratia
990 276 1322 346 subiugatus.
1391 275 1512 327 Erit
1556 275 1713 327 fortis
1754 278 1806 326 et

120 353 206 405 cui
244 369 498 421 processu
538 352 726 404 aetatis
764 350 987 419 plurimi
1026 349 1381 418 blandiamur,
1421 352 1474 402 et
1512 348 1604 417 qui
1643 348 1806 418 pluri-

118 445 207 479 ma
253 444 319 479 ex
365 425 475 478 suis
522 425 872 478 facultatibus
912 423 978 477 ad
1031 423 1167 476 alios
1214 423 1514 476 transferat.
1583 422 1705 475 Erit
1750 422 1808 474 in

119 501 300 570 aliqua
344 498 551 568 positus
599 501 881 567 potestate,
928 498 1149 569 augebit
1186 501 1438 567 paternae
1478 496 1807 550 substantiae

75 598 95 631 ε
118 574 443 627 facultatem.
514 571 573 626 Si
619 573 676 625 in
715 573 889 626 Tauro
935 572 1099 625 fuerit
1137 590 1370 642 occasuS,
1415 571 1679 642 plurimos
1718 570 1809 623 ha-

118 649 268 702 bebit
328 647 659 701 adversarios
715 665 848 716 quos
908 665 1092 700 omnes
1147 646 1352 699 videbit
1404 647 1553 699 vario
1617 663 1808 717 genere

120 740 330 792 semper
376 740 674 791 oppressos.
750 721 871 774 Erit
910 721 1035 774 talis
1075 721 1168 790 qui
1218 720 1284 774 ad
1330 739 1582 774 venereos
1637 720 1809 773 coitus

120 796 397 851 oculorum
453 796 745 865 cupiditate
799 798 1036 866 cogatur,
1090 799 1143 848 et
1190 795 1283 865 qui
1337 795 1517 863 aliqua
1566 795 1811 864 pulsetur

120 872 354 925 infamia.
410 869 802 924 Patrimonium
835 874 888 923 et
919 869 1159 939 acquiret
1188 870 1392 939 pariter
1430 873 1484 922 et
1522 869 1724 939 perdet,
1757 871 1810 921 et

55 971 98 1014 ιο
123 947 585 1016 quotienscunque
615 944 920 1014 perdiderit,
944 945 1139 997 iterum
1167 947 1534 1013 consequetur.
1586 942 1643 996 Si
1667 941 1809 996 IMC.

122 1021 179 1073 in
216 1019 458 1090 Aquario
505 1019 683 1088 fuerit,
721 1037 890 1089 prope
938 1037 1130 1088 aquam
1175 1022 1268 1072 aut
1308 1037 1372 1072 ex
1412 1036 1553 1087 aqua
1590 1017 1813 1071 habebit

121 1095 264 1148 vitae
311 1115 337 1144 *
357 1114 381 1142 ,οι
401 1114 426 1143 *
447 1113 518 1144 *κε
567 1093 853 1148 discrimen
892 1093 1121 1163 accedat,
1168 1096 1220 1146 et
1268 1093 1585 1161 cuicumque
1632 1092 1814 1162 profu-

123 1170 239 1238 erit,
278 1169 324 1222 is
364 1168 413 1220 ei
452 1169 697 1238 ingratus
738 1185 949 1237 semper
988 1167 1185 1220 existit.

236 1242 674 1313 [Horoscopus
722 1242 787 1294 in
826 1241 1225 1313 Sagittario]
1290 1239 1348 1294 Si
1385 1241 1716 1309 horoscopus
1756 1240 1902 1292 11124

56 1342 98 1376 15
125 1316 415 1388 Sagittario
455 1317 619 1370 fuerit
650 1318 915 1387 inventUS,
948 1316 1148 1369 multos
1186 1315 1514 1369 adversarios
1546 1316 1722 1385 faciet,
1762 1318 1815 1367 et

125 1391 408 1446 collectum
434 1376 816 1459 patrimonium
849 1391 989 1444 unde
1020 1409 1129 1443 non
1161 1394 1465 1459 speraverat
1498 1390 1812 1443 conferetur.

123 1466 427 1536 Peregrinis
466 1465 776 1534 frequenter
814 1465 1125 1536 regionibus
1170 1464 1511 1534 detinebitur,
1557 1464 1812 1536 grandem

124 1541 349 1594 fluvium
388 1543 482 1592 aut
521 1540 720 1611 grande
758 1540 979 1610 pelagus
1010 1539 1305 1610 navigabit.
1367 1539 1488 1592 Erit
1520 1557 1729 1608 semper
1759 1539 1814 1591 in

123 1614 355 1684 publicis
403 1614 898 1668 conversationibus
953 1615 1184 1684 positus,
1223 1614 1280 1666 in
1330 1614 1547 1682 aquosis
1587 1616 1681 1665 aut
1719 1632 1785 1666 ex
1799 1624 1998 1668 sol-WII

59 1714 102 1747 20
125 1689 342 1758 aquosis
389 1687 523 1742 locis
564 1689 729 1741 vitam
772 1689 974 1758 pariter
1010 1688 1231 1742 habebit
1271 1692 1324 1741 et
1361 1689 1611 1756 fructum,
1651 1687 1816 1756 pluri-

127 1782 241 1816 mas
296 1766 437 1815 artes
493 1766 545 1815 et
600 1763 907 1833 disciplinas
962 1763 1221 1832 plurimas
1285 1765 1660 1831 consequetur,
1715 1762 1817 1814 erit

128 1839 373 1891 cordatus
429 1837 739 1908 ingeniosus
794 1840 849 1890 et
903 1838 1142 1890 omnium
1195 1856 1371 1890 rerum
1424 1835 1579 1890 scius,
1658 1835 1716 1888 Si
1761 1838 1817 1889 in

128 1911 353 1983 Virgine
384 1910 498 1965 MC.
530 1912 693 1965 fuerit
731 1913 1024 1982 inventum,
1065 1912 1121 1964 in
1159 1912 1371 1982 magnis
1407 1911 1579 1980 <erit>
1610 1929 1818 1978 promo-

128 1987 365 2040 tionibus
406 1987 745 2055 constitutuS,
786 1989 839 2039 et
877 1987 1063 2039 multis
1110 1986 1394 2055 potestatis
1442 1986 1615 2056 gratia
1669 2003 1817 2054 prae-

62 2083 104 2117 25
128 2061 344 2113 feretur.
423 2058 791 2130 Consequetur
835 2061 1124 2113 maximam
1179 2060 1426 2114 licentiae
1479 2062 1818 2128 potestatem,

131 2140 183 2188 et
229 2135 489 2187 iussiones
536 2135 650 2187 eius
697 2135 1025 2187 audientium
1075 2134 1233 2187 turba
1281 2134 1530 2202 servabit,
1569 2137 1623 2186 et
1662 2134 1820 2186 multi

130 2227 226 2278 per
274 2227 395 2262 eum
441 2208 718 2261 habebunt
763 2209 906 2262 vitae
953 2227 1014 2262 ac
1060 2209 1276 2261 vivendi
1324 2207 1575 2276 subsidia,
1620 2211 1673 2260 et
1712 2208 1819 2260 cui-

132 2301 340 2351 cunque
387 2281 591 2351 aliquid
631 2283 738 2335 tale
771 2283 1074 2350 contulerit,
1106 2283 1222 2352 ipse
1255 2283 1304 2336 ei
1336 2282 1579 2352 ingratus
1614 2299 1821 2350 semper

133 2357 328 2410 existit.
393 2355 451 2409 Si
491 2375 708 2410 occasus
742 2357 798 2410 in
832 2356 1071 2410 Geminis
1104 2356 1269 2410 fuerit
1300 2356 1563 2424 inventuS,
1597 2359 1649 2408 et
1680 2356 1821 2407 filios
1841 2355 1909 2406 Ξῖ)

256 2494 278 2532 1
313 2490 360 2532 et
385 2489 474 2532 erit
497 2491 537 2532 Δ
639 2494 691 2533 11
725 2488 774 2531 in
797 2487 917 2532 IMC.
945 2488 1179 2544 Aquarius
1205 2491 1244 2532 Δ
1348 2493 1402 2532 12
1437 2489 1517 2532 lac.
1544 2492 1648 2532 stat.
1668 2501 1717 2541 σ,·
1749 2501 1821 2530 ex-

135 2547 248 2592 cidit
260 2548 475 2602 fortasse.-
499 2547 759 2606 <subsidia‚
785 2548 867 2591 sed
890 2548 944 2590 ut
967 2561 1023 2591 ex
1048 2546 1216 2591 iisdem
1236 2546 1397 2606 vitae>
1414 2548 1466 2592 cl.
1486 2550 1558 2602 14,
1576 2559 1597 2589 9
1613 2545 1824 2603 (accedat

136 2620 218 2650 om.
244 2609 341 2663 DE)
466 2611 519 2651 13
551 2607 591 2650 is
618 2633 672 2640 —-
698 2606 858 2651 existit
884 2607 948 2665 Γ]
983 2606 1021 2649 is
1047 2606 1091 2651 ei
1123 2606 1211 2651 erit
1241 2606 1455 2663 ingratus
1479 2609 1519 2650 Δ
1641 2610 1695 2648 14
1721 2606 1823 2650 lem-

137 2681 210 2710 ma
241 2681 325 2711 om.
351 2669 390 2710 Δ
431 2716 433 2718 ,
469 2666 518 2708 in
552 2665 657 2723 Sag.
683 2666 780 2711 hor.
807 2669 847 2709 A
1003 2670 1056 2709 15
1089 2665 1304 2710 inventus
1337 2680 1419 2709 om.
1446 2668 1486 2709 A
1526 2665 1529 2724 Ι
1565 2664 1681 2709 facit
1705 2667 1744 2708 Δ

141 2730 193 2767 17
226 2726 402 2781 grande
434 2729 507 2767 ΒΟ
616 2729 672 2768 20
703 2725 818 2769 locis
851 2739 933 2770 om.
961 2727 1000 2768 Δ
1031 2727 1035 2781 Ι
1063 2724 1240 2781 pariter
1271 2725 1415 2768 vitam
1440 2727 1479 2768 A
1510 2726 1515 2780 Ι
1543 2727 1591 2768 et
1622 2724 1825 2767 fructum

137 2784 185 2842 v]
218 2786 266 2828 et
296 2784 475 2828 factum
503 2786 550 2828 Γ
575 2787 622 2827 et
652 2784 834 2829 lucrum
858 2789 896 2826 N
929 2785 1001 2840 (cf.
1030 2789 1100 2837 11,
1126 2787 1185 2840 30)
1212 2798 1294 2828 om.
1322 2789 1401 2827 DE
1513 2789 1565 2827 21
1601 2782 1825 2839 plurimas

143 2845 189 2886 Γ
215 2845 314 2901 (om.
342 2844 456 2902 G0)]
495 2843 709 2899 publicas
734 2847 774 2888 Δ
898 2849 952 2887 23
994 2843 1232 2887 inventum
1265 2858 1348 2888 om.
1373 2847 1456 2885 DN
1499 2844 1505 2899 Ι
1548 2842 1653 2886 add.
1680 2858 1732 2895 a,·
1764 2856 1826 2884 an

140 2903 222 2947 del.
248 2904 296 2947 et
320 2903 400 2947 lin.
423 2902 561 2954 2493
679 2908 735 2947 24
773 2901 1087 2959 potestatibus
1119 2916 1230 2947 corr.
1255 2914 1280 2945 σ
1399 2905 1455 2945 25
1488 2902 1828 2956 consequentur

139 2963 180 3005 A
303 2966 358 3006 28
390 2961 492 3018 ipse
523 2961 566 3005 ei
597 2961 644 3020 a]
676 2961 779 3018 ipse
810 2962 858 3005 et
883 2963 930 3005 Γ
955 2960 1054 3018 ipse
1080 2963 1120 3004 A
