2066 3192
227 131 299 184 92
954 132 1182 178 FIRMICI

227 253 471 322 quadrati
516 253 758 323 Iuppiter
805 255 1131 323 superiorem
1176 255 1454 323 possidens
1493 259 1700 324 partem
1747 255 1804 309 in
1850 256 1915 310 si-

223 328 395 380 nistro
443 328 701 397 quadrato
740 327 946 381 Lunam
993 330 1225 398 positam
1265 330 1461 383 minaci
1504 330 1799 383 radiatione
1837 349 1915 382 re-

225 401 473 470 spexerit,
513 405 566 455 et
604 402 763 455 matri
803 405 857 454 et
895 403 998 471 ipsi
1030 403 1268 456 infinitas
1303 403 1514 456 divitias
1548 404 1783 458 decernit
1812 405 1916 457 ista

226 476 553 544 coniunctiO,
601 479 654 528 et
694 477 924 529 maxima
962 478 1303 548 negotiorum
1344 478 1578 531 decernit
1617 479 1816 547 officia,
1863 482 1916 531 et

226 549 472 603 omnibus
534 551 786 603 affinibus
840 552 1124 620 praeponit
1176 553 1368 605 merito
1429 553 1692 605 maximae
1748 553 1916 623 digni·
1963 573 1981 606 5
2035 588 2037 590 -

225 624 376 693 tatis
424 643 450 673 *
470 643 495 674 *
516 644 541 674 *
583 625 749 695 gradu
794 626 1031 710 positum
1076 626 1277 695 populo
1319 643 1439 679 cum
1477 627 1672 680 notitia
1710 646 1918 696 semper

224 698 484 767 insinuat,
531 702 583 751 et
629 699 731 751 erit
778 700 994 770 egregio
1035 700 1205 753 famae
1244 700 1549 753 testimonio
1591 719 1798 771 semper
1837 720 1918 755 or-

141 743 203 826 11
224 776 397 826 natus,
469 771 527 827 Si
565 791 691 826 vero
731 773 884 826 Luna
923 774 1165 843 superior
1205 776 1391 827 effecta
1430 777 1482 826 et
1522 776 1765 828 dextrum
1797 793 1917 844 pos-

228 847 404 899 sidens
450 847 591 900 latus
641 846 825 901 Iovem
863 848 920 900 in
959 848 1200 901 inferiori
1237 851 1357 902 loco
1399 850 1751 902 constitutum
1793 869 1917 919 qua-

227 921 379 974 drata
432 922 726 974 radiatione
779 923 1088 992 respexerit,
1141 923 1311 976 multa
1364 923 1635 976 felicitatis
1686 925 1918 995 insignia
1942 945 1985 977 ιο

224 996 452 1066 largitur
509 996 611 1048 ista
658 997 976 1049 coniunctio
1064 995 1167 1050 Sed
1215 1000 1268 1051 et
1315 998 1782 1051 commendationes
1833 999 1916 1051 de-

227 1070 396 1123 cernit
445 1073 499 1122 et
549 1070 770 1140 gloriaS‚
824 1073 878 1123 et
927 1072 1237 1140 potentibus
1289 1089 1348 1124 ac
1397 1072 1612 1143 regibus
1663 1091 1917 1142 prospera

226 1145 668 1197 conmendatione
730 1164 938 1214 semper
991 1146 1239 1198 insinuat.
1319 1146 1423 1198 Sed
1467 1165 1576 1198 non
1623 1165 1718 1215 per
1765 1165 1917 1200 omne

224 1219 509 1288 (tempus)
546 1220 677 1272 haec
716 1220 897 1271 eadem
937 1219 1166 1273 felicitas
1205 1224 1520 1289 perseverat.
1598 1219 1738 1274 Nam
1790 1240 1919 1290 quo-

226 1293 347 1345 dam
396 1296 636 1362 tempore
687 1297 740 1347 et
789 1293 1098 1362 patrimonii
1147 1295 1338 1347 damna
1388 1299 1440 1347 et
1488 1295 1708 1348 honoris
1761 1296 1917 1348 detri-
1943 1315 1983 1349 15

226 1370 404 1420 menta
444 1367 694 1438 decernit,
734 1371 786 1419 et
824 1368 1056 1439 insignia
1094 1369 1290 1422 minuit
1331 1369 1625 1439 dignitatis,
1665 1373 1718 1422 et
1757 1370 1914 1441 pigro

225 1442 416 1495 mentis
463 1445 679 1511 torpore
727 1461 1010 1511 oppressos
1049 1444 1150 1512 (a)
1196 1444 1624 1513 praecedentium
1675 1445 1915 1514 negotio-

226 1535 343 1568 rum
383 1516 934 1570 administrationibus
975 1518 1176 1570 alienos
1217 1518 1425 1570 efficiet.

1025 1709 1115 1763 XI.

178 1800 203 1851 1
337 1798 525 1868 [Mars
572 1802 632 1852 et
679 1797 787 1851 Sol
835 1799 1170 1869 quadrati]
1251 1797 1309 1852 Si
1355 1799 1499 1852 Mars
1547 1803 1600 1853 et
1651 1799 1743 1852 Sol
1791 1819 1916 1869 qua·
1941 1820 1983 1852 20

226 1872 375 1925 drata
421 1873 621 1926 fuerint
667 1873 962 1926 radiatione
1009 1874 1301 1942 coniuncti,
1353 1878 1405 1926 et
1453 1875 1623 1927 dextri
1675 1875 1918 1943 quadrati

225 1946 368 1999 Ma1s
423 1947 751 2032 superiorem
798 1948 1076 2016 possidens
1115 1951 1323 2016 partem
1375 1949 1430 2000 in
1480 1949 1696 2001 sinistro
1738 1948 1916 2001 Solem

224 2021 462 2090 positum
501 2022 695 2074 minaci
735 2020 1031 2074 radiatione
1070 2023 1386 2091 respexerit,
1440 2025 1646 2076 nullum
1695 2023 1917 2075 infortu-

224 2095 436 2148 niorum
486 2113 663 2149 casum
703 2096 1085 2165 praetermittit
1124 2096 1227 2148 ista
1266 2098 1586 2166 coniuncti0‚
1633 2100 1686 2149 et
1734 2115 1916 2150 omnes

346 2261 370 2298 3
406 2260 508 2311 172,
533 2261 592 2301 30
623 2263 676 2314 τῇ
709 2271 757 2300 τε
782 2257 919 2313 μητρὶ
943 2257 1023 2300 καὶ
1048 2258 1172 2331 αὐτῶ
1193 2257 1363 2312 πρᾶξιν
1395 2257 1476 2301 καὶ
1508 2256 1611 2315 βίον
1643 2258 1800 2302 δώσει·
1835 2259 1914 2302 καὶ

226 2322 307 2360 τοῦ
340 2313 464 2359 ἰδίου
497 2315 661 2373 γένους
692 2315 942 2372 ὑπέρτερος
973 2315 1098 2359 ἔσται
1131 2332 1267 2361 ενεκα
1298 2323 1430 2373 τιμῆς
1461 2317 1540 2360 καὶ
1565 2318 1641 2361 ἐπὶ
1665 2316 1916 2372 προεδρίας

226 2377 341 2419 λαοῦ
386 2374 661 2432 τεταγμένος
708 2374 854 2432 ὄνομα
899 2373 1049 2449 μέγα
1065 2376 1144 2419 καὶ
1193 2374 1352 2431 φήμην
1390 2375 1562 2432 πολλὴν
1604 2376 1653 2420 ἐν
1693 2383 1747 2434 τῇ
1786 2375 1916 2421 πόλει

229 2434 368 2506 ἔχων.
408 2434 447 2477 εἰ
487 2435 537 2478 δὲ
577 2433 605 2490 ἡ
646 2433 826 2489 Σελήνη
865 2450 948 2479 τον
987 2432 1081 2478 Δία
1125 2435 1381 2487 ὃεκατεύοι,
1421 2434 1549 2486 κλέος
1589 2436 1668 2478 καὶ
1701 2435 1916 2479 σύστασιν

230 2490 443 2549 σημαίνει
474 2494 524 2537 ἐν
556 2493 850 2550 ἡγεμονικοῖς
879 2495 1166 2567 προσώποις·
1200 2493 1318 2549 πλὴν
1352 2493 1400 2538 ἐν
1432 2493 1677 2570 προβάσειη
1687 2501 1779 2539 τῶν
1810 2493 1915 2552 χρό-

228 2569 322 2595 νων
363 2551 606 2596 ἐλοὶττωσίν
646 2569 751 2597 τινα
789 2552 870 2596 καὶ
917 2550 1154 2607 ἀπρᾱξίαν
1201 2553 1249 2596 ἔν
1296 2570 1387 2597 τινι
1434 2557 1578 2612 καιρῷ
1623 2553 1750 2598 οἴσει.

229 2616 284 2654 23
318 2614 420 2662 174,
446 2615 501 2655 31
527 2612 600 2655 ἀεὶ
626 2611 816 2669 βλάπτει
938 2612 1018 2655 καὶ
1044 2612 1093 2656 ἐν
1125 2618 1179 2670 τῇ
1203 2619 1416 2669 ποοκοπῇ
1444 2598 1749 2657 ἐναντιοῦται.

348 2764 372 2801 6
404 2760 572 2804 eoecidit
594 2761 711 2803 velut
736 2760 783 2803 et
805 2759 855 2802 in
881 2772 1057 2802 summo
1085 2758 1333 2815 dignitatis
1359 2763 1382 2811 ζ
1415 2762 1419 2815 Ι
1461 2760 1584 2818 cum]
1619 2773 1722 2802 eum
1754 2764 1877 2802 ABD
1908 2761 1910 2817 ξ

227 2817 398 2861 notitia
431 2817 748 2876 (dignitatis)
776 2831 800 2861 σ
886 2822 910 2860 9
943 2817 990 2861 in
1020 2832 1102 2862 om.
1130 2821 1168 2861 Δ
1258 2823 1307 2861 11
1344 2821 1390 2861 et
1413 2818 1584 2875 glorias
1612 2819 1820 2862 decernit
1845 2822 1883 2862 Δ

231 2881 284 2919 14
323 2877 428 2920 add.
469 2881 508 2918 N
536 2880 540 2933 Ι
568 2890 770 2933 namque
803 2879 842 2920 Δ
949 2882 1001 2919 17
1043 2890 1231 2933 corpore
1272 2880 1360 2920 AG
1387 2880 1391 2933 Ι
1419 2879 1604 2933 torpore
1643 2877 1812 2921 mentis
1857 2878 1910 2934 g(

228 2936 333 2979 add.
360 2951 387 2977 a
481 2941 534 2979 18
568 2936 739 2980 efficiet
771 2935 946 2979 alienos
980 2938 1018 2978 Δ
1113 2940 1167 2979 24
1201 2950 1310 2979 casu
1341 2939 1381 2980 Δ
