2066 3192
821 132 863 176 V
896 137 936 186 3,
959 145 1108 179 49—56
1735 133 1804 184 47

116 254 399 306 laboriosis
453 254 661 307 actibus
717 253 1052 322 inplicentur.
1139 251 1245 305 Sed
1295 271 1359 305 ex
1411 253 1544 322 ipsis
1600 252 1807 306 actibus

117 328 278 382 variis
325 327 720 380 discriminibus
767 327 1099 395 afficiuntur,
1148 330 1210 379 ut
1254 345 1365 380 non
1403 326 1560 380 facile
1598 328 1808 395 possint

117 402 351 467 evadere,
406 404 459 454 et
513 403 589 456 sic
649 401 929 455 constituti
989 403 1199 454 nullum
1246 401 1350 454 iter
1401 401 1675 454 felicitatis
1730 401 1808 453 in-

116 475 346 544 venient,
404 476 496 528 sed
549 476 914 546 erogabuntur
967 475 1161 543 omnia,
1216 495 1241 524 *
1262 495 1287 524 *
1308 498 1334 524 ηε
1355 495 1379 523 *
1402 496 1425 523 *
1481 493 1664 528 causas
1720 493 1807 527 au-

72 572 92 605 5
116 553 222 603 tem
262 549 507 620 publicas
546 550 685 603 forte
725 550 973 603 dicentes.
1048 548 1151 601 Sed
1189 549 1304 620 <si>
1347 549 1425 602 sic
1462 550 1640 619 posito
1681 547 1807 619 <Sa-

114 624 310 692 turno>
355 622 597 693 Iuppiter
650 624 704 676 in
761 624 1071 677 necessariis
1126 623 1402 694 geniturae
1456 623 1589 676 locis
1643 623 1807 676 fuerit

115 698 363 751 inventus
373 740 386 767 ‚
434 702 487 751 et
530 698 615 750 his
660 699 994 768 temporibus
1042 698 1098 750 in
1144 698 1338 766 quibus
1387 701 1511 750 sunt
1556 697 1807 767 pericula,

115 776 208 825 aut
266 773 396 843 fuga
457 775 549 825 aut
600 773 778 843 longis
831 771 1351 843 peregrinationibus
1406 772 1806 825 subtrahuntur.

117 845 221 899 Sed
258 865 378 900 cum
418 847 549 900 haec
588 847 767 900 omnia
807 846 1066 900 Saturnus
1106 846 1411 916 inpleverit,
1461 849 1514 900 et
1554 864 1674 899 cum
1714 865 1809 915 per
1823 848 1896 900 54

48 942 91 976 ιο
114 921 246 975 haec
299 922 440 974 mala
491 923 784 974 maximum
839 921 978 974 vitae
1033 921 1325 974 cucurrerit
1378 924 1617 990 tempuS,
1680 924 1807 973 tunc

115 996 372 1080 paulatim
428 995 494 1047 ab
550 995 858 1049 infortuniis
913 995 1125 1048 liberati
1179 995 1407 1049 eervices
1463 996 1699 1066 erigunt,
1754 998 1808 1047 et

116 1070 263 1122 omni
309 1069 543 1122 sordium
594 1071 840 1154 squalore
884 1071 1092 1123 deterso
1131 1071 1357 1123 honesto
1398 1069 1677 1140 dignitatis
1716 1068 1805 1121 ha-

113 1143 230 1196 bitu
269 1145 583 1213 vestiuntur,
623 1144 724 1213 ipsi
767 1162 820 1196 se
854 1146 1206 1214 consulenteS,
1245 1148 1300 1197 et
1331 1144 1496 1196 vitam
1528 1163 1679 1196 suam
1711 1161 1807 1213 per

113 1218 308 1290 gradus
349 1219 590 1287 singulos
630 1219 909 1289 erigenteS‚
948 1221 1001 1271 et
1040 1219 1173 1271 tales
1207 1236 1262 1272 se
1292 1218 1605 1302 patrimonii
1638 1218 1806 1289 digni-

47 1313 89 1347 ιε
114 1295 222 1345 tate
270 1293 619 1361 constituunt,
665 1297 726 1345 ut
772 1296 824 1345 et
870 1293 1149 1347 hominum
1196 1293 1303 1346 illis
1344 1294 1584 1364 regimen
1624 1296 1676 1345 et
1715 1311 1807 1363 gu-

116 1366 398 1420 bernacula
422 1335 840 1421 committantur.
898 1367 1074 1420 Erunt
1098 1371 1274 1420 autem
1299 1368 1523 1437 gloriosi
1547 1367 1806 1420 habentes

114 1441 377 1494 maximae
417 1441 696 1510 potestatis
736 1442 984 1512 insignia,
1022 1442 1332 1512 regionibus
1373 1446 1426 1494 et
1465 1442 1680 1511 populis
1713 1459 1806 1510 po-

114 1517 322 1568 testatis
368 1516 585 1569 licentia
634 1516 943 1584 praepositi,
993 1517 1069 1569 ita
1115 1520 1177 1568 ut
1214 1518 1271 1569 in
1309 1516 1539 1586 publicis
1579 1516 1711 1570 locis
1753 1518 1806 1568 et

113 1590 420 1643 civitatibus
462 1589 739 1660 dignitatis
779 1609 961 1643 eorum
1002 1592 1326 1659 sempiterna
1364 1591 1620 1643 memoria
1650 1590 1805 1643 relin-

47 1684 91 1717 80
115 1668 320 1733 quatur.
379 1664 530 1717 Tunc
568 1663 878 1733 potentibus
918 1665 1061 1729 viriS‚
1101 1669 1228 1718 tunc
1267 1665 1485 1735 regibus
1523 1683 1622 1734 pro
1662 1665 1807 1735 geni·
1823 1665 1893 1718 55

113 1742 264 1791 turae
310 1756 558 1791 mensura
597 1739 862 1791 amicitiae
901 1740 1075 1810 gratia
1123 1740 1434 1810 iungentur,
1484 1743 1612 1792 tunc
1653 1740 1805 1806 dona,

113 1817 242 1866 tunc
272 1813 327 1865 in
359 1812 574 1881 templis
606 1812 724 1866 loca
755 1816 884 1866 tunc
915 1814 1210 1867 sacerdotia
1234 1817 1645 1882 consequentur,
1676 1817 1805 1866 tunc

113 1887 361 1956 laetitiae,
408 1891 535 1939 tunc
575 1887 880 1940 divitiarum
923 1887 1129 1941 fructus
1162 1889 1446 1957 accipiunt,
1485 1891 1614 1940 tunc
1646 1888 1806 1940 servi-

114 1962 264 2029 tium,
303 1965 431 2014 tunc
461 1961 948 2031 fundamentorum,
980 1966 1109 2015 tunc
1145 1963 1381 2015 virorum
1421 1980 1482 2014 ac
1520 1963 1803 2015 mulierum

49 2055 90 2088 ει,
116 2036 351 2088 dominia
388 2036 752 2104 possidebunt,
784 2039 913 2089 tunc
952 2037 1186 2104 mobilia,
1226 2040 1353 2089 tunc
1385 2036 1642 2106 pecuniae
1682 2054 1803 2090 con-

115 2110 363 2177 ferentur,
405 2113 457 2163 et
494 2110 659 2162 tantis
699 2114 854 2163 erunt
892 2110 1187 2180 locupletes
1221 2111 1439 2179 divitiis,
1479 2114 1539 2162 ut
1578 2114 1631 2163 et
1670 2111 1804 2162 alios

116 2202 210 2236 sua
265 2183 518 2237 facultate
574 2187 886 2236 sustentent.
964 2184 1116 2238 Tunc
1162 2203 1345 2237 omnes
1393 2185 1580 2237 affines
1629 2184 1804 2237 defen-

116 2258 282 2310 sionis
336 2276 520 2310 eorum
574 2258 836 2326 praesidio
893 2258 1254 2312 sublevantur.
1331 2257 1436 2311 Sed
1482 2277 1602 2312 cum
1650 2259 1804 2311 istius

115 2403 403 2460 temporibus
427 2408 466 2445 N
528 2402 554 2463 ΙΙ
619 2408 640 2447 1
676 2403 976 2460 implicentur
999 2405 1107 2463 AG]
1137 2404 1440 2461 implicantur
1468 2407 1514 2448 Γ
1615 2409 1640 2447 2
1673 2404 1802 2447 vanis

120 2465 166 2506 Γ
201 2468 383 2518 praeter
414 2462 462 2504 A'
615 2469 642 2506 4
691 2465 773 2508 lac.
814 2469 915 2508 stat.
949 2466 974 2516 ζ
1014 2463 1275 2521 erogabunt
1322 2464 1477 2508 omnia
1524 2465 1629 2520 sine„
1661 2465 1743 2508 lac.
1777 2481 1803 2506 κ

117 2521 417 2581 <eruntque>
441 2538 468 2564 a.
590 2527 615 2565 5
648 2522 832 2566 fortiter
864 2522 1022 2566 dicent
1054 2540 1080 2567 κ
1109 2525 1115 2582 Ι
1143 2524 1224 2568 sed
1257 2538 1339 2568 om.
1365 2528 1404 2566 N
1433 2527 1438 2579 Ι
1466 2523 1572 2568 add.
1598 2527 1675 2565 Ην
1703 2530 1707 2575 ξ
1737 2523 1802 2566 sic

116 2595 199 2626 om.
227 2586 257 2624 0
404 2585 434 2623 6
468 2581 574 2625 add.
599 2585 638 2623 N
806 2586 829 2624 7
864 2585 911 2625 et
942 2582 1024 2627 del.
1051 2586 1076 2634 ζ
1226 2587 1279 2626 10
1314 2582 1628 2627 decucurrerit
1660 2597 1684 2626 σ

120 2645 170 2683 11
206 2643 449 2685 erexerunt
472 2644 509 2682 A
549 2643 740 2684 exerunt
766 2645 886 2683 OBG
1039 2647 1092 2685 12
1118 2643 1244 2685 omni
1269 2641 1340 2700 A']
1366 2656 1500 2686 omne
1655 2647 1706 2685 13
1734 2642 1802 2699 se]

117 2699 206 2742 sibi
231 2714 295 2744 κσ
417 2703 468 2741 17
503 2699 708 2743 maxima
741 2700 985 2756 dignitatis
1018 2701 1224 2759 insignia.
1253 2705 1292 2743 N
1416 2706 1469 2744 19
1502 2702 1550 2743 in
1583 2701 1668 2744 civ.
1695 2705 1728 2742 G

118 2763 171 2802 21
205 2759 545 2815 coniungentur
574 2763 610 2800 D
642 2760 874 2803 clausulae
904 2761 1071 2815 aptius.
1194 2765 1250 2804 23
1282 2759 1514 2804 laetitiam
1546 2763 1585 2803 Δ
1623 2763 1629 2812 Ι
1663 2759 1801 2803 servi-

116 2818 287 2861 tiorum
317 2823 356 2860 N
392 2818 668 2861 servitutum
698 2823 733 2860 1)
856 2824 910 2862 25
943 2819 1244 2863 conferuntur
1269 2822 1306 2863 Δ
1412 2824 1467 2863 26
1500 2820 1684 2862 tantum
1717 2821 1755 2861 Δ

116 2876 373 2934 locupletes
422 2876 614 2934 divitiis]
663 2876 922 2934 locupletes
970 2880 1017 2922 et
1065 2878 1232 2922 divites
1272 2881 1312 2921 Δ
1361 2878 1585 2935 locupleti
1634 2878 1799 2920 divites

118 2939 236 2978 OBG
274 2936 550 2994 locupletati
590 2936 765 2979 divitiis
798 2939 834 2978 A
866 2936 1063 2993 (divitiis
1096 2942 1138 2982 et
1167 2940 1212 2994 v)
1241 2938 1323 2994 [et
1353 2951 1436 2982 om.
1463 2939 1502 2981 A
