2100 3186
285 142 395 194 224
1018 139 1247 185 FIRMICI

285 263 342 314 in
380 261 470 314 VI.
519 261 627 314 sint
673 261 793 314 loco
850 261 1193 328 constitutae,
1241 278 1422 313 servos
1469 260 1707 313 infelices
1762 260 1972 314 efficiet.

197 337 266 390 16
287 335 344 388 Si
383 336 534 388 Luna
573 336 781 387 minuta
819 335 1112 388 luminibus
1122 377 1135 403 ,
1183 338 1236 388 et
1282 335 1339 386 in
1378 352 1439 386 eo
1487 335 1641 404 signo
1682 334 1976 387 constituta

283 410 342 462 in
382 428 489 478 quo
528 409 858 477 humiliatur,
896 410 953 461 in
991 407 1109 461 VII.
1151 409 1220 461 sit
1257 409 1377 461 loco
1418 408 1482 460 ab
1522 407 1822 476 horoscopo
1855 426 1974 461 cum

286 482 515 536 Saturno
570 483 836 552 partiliter
879 484 1077 552 posita,
1131 481 1274 535 Mars
1327 500 1452 535 vero
1500 483 1557 534 in
1603 481 1694 534 VI.
1741 481 1859 535 loco
1907 482 1972 534 ab

284 558 584 626 horoscopo
618 561 671 610 et
706 556 800 610 Sol
830 557 887 609 in
916 556 1026 626 III.⁷
1066 575 1248 609 servus
1282 556 1447 608 simili
1476 557 1682 608 ratione
1712 559 1974 608 nascetur.
2022 576 2041 608 5

285 630 388 684 Sed
428 635 479 683 et
517 631 635 700 <si>
674 631 731 683 in
769 629 862 683 III.
903 632 969 683 ab
1008 631 1308 699 horoscopo
1354 630 1473 683 loco
1516 629 1609 683 Sol
1655 647 1776 682 cum
1827 631 1974 682 mali-

214 767 218 770 ,
282 705 405 757 vola
443 707 598 758 stella
635 706 799 757 fuerit
830 707 1093 772 inventus,
1134 708 1226 757 aut
1256 704 1314 756 in
1343 703 1502 771 IMO.‚
1540 703 1817 756 benivolae
1848 722 1973 756 vero

283 779 468 832 stellae
506 780 564 832 in
602 779 818 832 deiectis
863 779 997 832 locis
1046 779 1154 831 sint
1201 780 1430 847 positae,
1477 782 1530 830 et
1567 778 1719 830 Luna
1770 778 1975 830 minuta

282 853 578 906 luminibus
618 853 781 905 simili
827 854 986 906 modo
1034 853 1092 904 in
1138 853 1343 905 deiecto
1390 854 1508 905 loco
1561 853 1630 904 sit
1669 854 1975 916 constituta,

199 928 264 981 17
285 945 463 980 servos
504 927 703 980 debiles
742 928 915 980 faciet.
991 926 1192 989 Quodsi
1232 926 1419 979 ceteris
1459 928 1534 979 sic
1574 926 1712 978 sicut
1745 926 1973 979 diximus
2000 947 2043 978 10

286 1001 560 1070 ordinatiS‚
598 1001 750 1054 Luna
788 1019 910 1054 cum
949 1001 1120 1053 Marte
1171 1002 1228 1053 in
1265 999 1381 1052 XII.
1421 1002 1539 1053 loco
1588 1001 1659 1052 sit
1705 1000 1771 1052 ab
1819 999 1976 1052 horo·

286 1094 446 1144 scopo
503 1077 815 1143 constituta,
871 1075 1086 1128 Saturni
1139 1093 1264 1127 vero
1317 1075 1471 1127 stella
1525 1075 1579 1126 in
1630 1073 1773 1126 IMC.
1813 1075 1976 1126 fuerit

284 1151 522 1219 inventa,
568 1153 854 1202 nascentur
901 1150 1039 1202 servi
1098 1150 1335 1201 lunatici.
1425 1147 1483 1201 Si
1546 1147 1639 1200 Sol
1700 1151 1792 1200 aut
1854 1166 1976 1200 cum

284 1223 457 1276 Marte
513 1229 604 1276 aut
659 1242 779 1277 cum
828 1222 1058 1276 Saturno
1106 1223 1163 1275 in
1209 1223 1428 1275 anafora
1480 1223 1769 1290 horoscopi
1815 1222 1978 1275 fuerit

285 1299 555 1366 inventuS,
608 1298 760 1350 Luna
806 1315 930 1351 vero
978 1298 1036 1349 in
1082 1295 1200 1349 XII.
1256 1298 1322 1349 ab
1378 1296 1677 1364 horoscopo
1729 1296 1849 1349 loco
1906 1297 1976 1348 sit
2002 1318 2040 1350 15

95 1384 241 1430 fol-92r
253 1388 296 1419 H
318 1373 629 1440 constituta,
681 1375 733 1424 et
779 1371 1057 1424 benivolae
1104 1372 1289 1424 stellae
1335 1371 1391 1422 in
1430 1369 1523 1422 III.
1563 1371 1671 1422 sint
1717 1371 1781 1422 ab
1821 1370 1976 1423 horo-

285 1464 446 1515 scopo
493 1446 611 1498 loco
659 1446 887 1515 positae⁷
935 1464 1116 1498 servos
1162 1446 1402 1498 infelices
1450 1445 1696 1497 efficient.
1775 1443 1976 1506 Quodsi

283 1520 366 1572 his
423 1521 498 1572 sic
553 1523 613 1572 ut
666 1521 896 1572 diximus
951 1519 1210 1572 ordinatis
1256 1519 1501 1588 Iuppiter
1547 1519 1605 1571 in
1652 1517 1765 1570 MC.
1813 1519 1977 1570 fuerit

284 1595 532 1647 inventus
543 1636 556 1662 7
603 1597 726 1663 post
763 1594 960 1646 multos
1008 1612 1175 1646 annos
1214 1594 1479 1646 libertatis
1520 1592 1755 1661 praemia
1795 1610 1975 1645 conse-

285 1672 535 1736 quuntur.
615 1667 673 1720 Si
713 1686 895 1721 omnes
935 1668 1214 1721 benivolae
1258 1667 1441 1720 stellae
1481 1666 1538 1718 in
1577 1665 1668 1718 VI.
1709 1667 1776 1718 ab
1817 1666 1974 1719 horo·
2000 1688 2042 1719 20

198 1742 265 1795 18
285 1761 445 1811 scopo
487 1743 606 1794 loco
646 1742 846 1795 fuerint
878 1742 1139 1810 inventae,
1178 1741 1460 1794 malivolae
1501 1758 1626 1793 vero
1668 1744 1758 1792 aut
1799 1740 1853 1791 in
1886 1739 1975 1792 lX.

285 1819 378 1868 aut
417 1818 474 1869 in
505 1815 667 1885 VIII7
705 1816 857 1868 Luna
896 1817 1057 1868 etiam
1096 1817 1152 1867 in
1182 1814 1275 1867 III.
1317 1816 1386 1868 sit
1424 1814 1542 1867 loco
1575 1814 1642 1867 ab
1675 1814 1975 1883 horoscopo

284 1890 476 1960 posita,
513 1894 799 1944 nascentur
839 1891 977 1943 servi
1015 1890 1197 1942 miseri
1237 1889 1492 1958 aprocopi
1532 1888 1902 1958 oligochronii.

330 2038 394 2090 V.
439 2038 557 2105 [DE
597 2015 910 2091 NUMERO
951 2036 1400 2090 DOMINORUM
1438 2036 1534 2089 UT
1573 2035 1926 2089 INVENIAS

506 2111 722 2182 „QUOT
762 2110 1213 2165 DOMINORUM
1255 2110 1364 2164 SIT
1406 2109 1728 2180 SERVUS]
2003 2130 2043 2162 25

398 2215 455 2267 Si
496 2219 672 2267 autem
713 2218 804 2267 aut
844 2215 900 2267 in
939 2214 1002 2267 II.
1044 2218 1135 2267 aut
1175 2215 1230 2266 in
1270 2214 1334 2267 V.
1377 2218 1469 2267 aut
1511 2215 1565 2266 in
1606 2213 1749 2266 VIII.
1789 2217 1882 2266 aut
1920 2214 1976 2265 in

282 2288 374 2341 XI.
416 2290 480 2341 ab
521 2290 820 2357 horoscopo
860 2291 978 2341 loco
1017 2289 1169 2341 Luna
1206 2290 1370 2340 fuerit
1407 2289 1637 2355 inventa,
1677 2290 1732 2340 in
1773 2306 1975 2340 mascu-

406 2411 427 2448 1
463 2405 557 2448 sint
595 2405 697 2448 loco
730 2406 788 2463 N]
835 2405 937 2448 loco
970 2419 1053 2448 om.
1089 2410 1122 2446 G
1176 2405 1278 2448 loco
1313 2404 1406 2447 sint
1438 2404 1577 2446 A'Bn
1635 2406 1640 2460 Ι
1699 2403 1903 2447 efficient
1934 2406 1973 2445 A

285 2469 311 2507 3
356 2466 403 2507 et
433 2463 482 2506 in
513 2464 611 2507 VII.
645 2467 683 2507 A
744 2465 748 2522 1
808 2478 911 2506 011111
944 2491 998 2496 -
1034 2470 1057 2507 5
1091 2464 1347 2519 horoscopo
1380 2478 1462 2508 om.
1498 2468 1579 2505 GN
1730 2467 1754 2505 5
1795 2462 1974 2505 ratione

289 2523 355 2581 Γ]
388 2523 525 2566 1110ᾶο
559 2527 597 2566 Δ
723 2527 753 2577 6Γ
781 2524 886 2566 add.
912 2538 941 2565 v
990 2525 996 2578 Ι
1047 2523 1085 2566 si
1118 2537 1222 2566 cum
1250 2526 1289 2566 Δ
1416 2527 1439 2565 7
1471 2522 1684 2565 inventus
1717 2521 1831 2579 A'B]
1867 2535 1974 2564 con-

286 2582 477 2625 stitutus
510 2585 597 2625 AG
654 2584 660 2638 Ι
718 2581 814 2626 ΜΟ.
848 2581 942 2624 Α’Β
1112 2588 1136 2624 9
1169 2582 1270 2625 loco
1304 2581 1384 2639 sit]
1433 2582 1495 2624 sit
1526 2596 1608 2625 om.
1642 2586 1681 2623 N
1728 2581 1789 2623 sit
1820 2580 1920 2623 loco
1953 2583 1977 2631 ζ

347 2646 400 2684 10
434 2640 607 2693 Quodsi
640 2641 705 2684 sic
739 2644 824 2684 cet.
858 2641 980 2683 sicut
1011 2646 1048 2683 N
1097 2640 1298 2693 Quodsic
1331 2643 1417 2684 cet.
1453 2643 1503 2683 ut
1534 2645 1569 2682 D
1692 2644 1743 2682 11
1780 2639 1841 2682 sit
1872 2638 1974 2682 loco

285 2703 324 2742 Δ
477 2706 526 2742 15
559 2701 659 2744 1000
693 2700 754 2743 sit
791 2701 895 2757 ΓΝ]
936 2700 1037 2743 1000
1071 2715 1154 2744 om.
1187 2705 1267 2742 ΒΘ
1315 2700 1376 2742 sit
1407 2699 1508 2743 loco
1541 2703 1565 2751 ζ
1705 2703 1760 2741 20
1793 2697 1867 2741 VI.
1901 2697 1976 2741 vel

285 2759 383 2802 XII.
417 2763 454 2801 N
606 2765 658 2802 21
694 2762 774 2802 aut
808 2786 861 2790 —
895 2759 1001 2802 VIII
1031 2761 1130 2816 BG]
1179 2759 1228 2801 in
1259 2758 1335 2802 IX.
1371 2762 1451 2801 aut
1483 2758 1533 2800 in
1567 2757 1662 2800 VII.
1695 2757 1768 2800 vel
1800 2756 1906 2799 VIII
1936 2761 1975 2798 N

287 2820 368 2861 aut
392 2818 441 2860 in
467 2818 582 2863 VIII.
610 2821 693 2861 aut
717 2819 766 2862 in
790 2818 853 2861 IV
879 2817 931 2860 A'
964 2821 1046 2861 aut
1070 2819 1119 2860 in
1144 2818 1262 2860 VIII.
1289 2820 1371 2861 aut
1394 2819 1445 2860 in
1469 2817 1565 2859 VII.
1598 2821 1631 2858 B
1776 2821 1830 2858 23
1864 2829 1974 2870 apo-

287 2877 391 2931 copi
424 2880 462 2919 Δ
498 2884 546 2922 at
577 2879 632 2932 cf.
667 2880 710 2921 Ι·
727 2881 831 2930 185,
856 2890 889 2921 3.
935 2878 1040 2921 Vett.
1070 2879 1167 2921 Val.
1194 2882 1268 2930 92,
1292 2889 1335 2919 30
1479 2881 1534 2918 24
1565 2878 1724 2919 lemma
1755 2889 1838 2918 om.
1873 2877 1910 2916 A

286 2940 341 2978 26
376 2939 532 2979 autem
563 2936 612 2979 in
645 2940 683 2979 A
737 2941 741 2992 Ι
793 2939 874 2979 aut
904 2935 954 2978 in
986 2937 1074 2991 (vel
1105 2939 1159 2991 N)
1192 2936 1308 2979 VIII.
1343 2938 1424 2979 aut
1457 2935 1506 2977 in
1538 2935 1591 2978 V,
1625 2937 1663 2976 A
