2084 3192
838 174 923 218 VII
955 179 1025 228 23,
1051 186 1187 218 5—12.
1756 174 1861 227 261

171 296 312 348 riore
349 294 469 348 loco
511 294 769 363 quadrata
806 294 1102 347 radiatione
1142 294 1341 363 videat,
1392 297 1484 347 aut
1523 294 1568 346 si
1609 294 1867 346 diametra

171 370 255 422 illi
300 369 531 438 partium
580 369 831 422 societate
882 369 1161 438 iungatur,
1215 368 1271 421 in
1319 367 1622 421 cardinibus
1670 372 1764 420 aut
1810 369 1868 420 in

172 443 406 496 anaforis
445 441 531 495 vel
570 442 627 494 in
665 443 1004 511 epicataforis
1044 442 1319 495 cardinum
1362 442 1707 510 constitutus,
1757 442 1870 495 bio-

171 518 422 570 thanatos
462 516 672 569 efficiet.
752 515 856 569 Sed
894 517 997 569 hoc
1035 518 1238 568 malum
1282 516 1477 569 fortius
1526 516 1868 585 convalescit,

128 612 146 645 a
175 592 219 643 si
267 589 446 644 Solem
493 589 639 642 Mars
693 594 786 643 aut
837 589 1097 643 Saturnus
1150 591 1410 659 quadrata
1463 593 1555 642 aut
1610 590 1868 643 diametra

171 665 467 718 radiatione
506 665 772 733 respiciat.

285 738 344 792 Si
397 737 491 791 Sol
543 739 599 790 in
655 739 869 807 aquosis
924 739 1092 809 signis
1152 738 1316 790 fuerit
1370 738 1618 790 inventus
1627 781 1640 807 ,
1706 741 1758 790 et
1812 740 2053 794 insol-9⁶01

174 813 359 866 eodem
407 813 561 883 signo
609 812 695 865 vel
741 813 860 866 loco
907 812 1052 865 Mars
1108 830 1228 864 cum
1274 811 1427 864 Luna
1482 811 1552 864 sit
1605 812 1874 881 partiliter
1893 812 1962 864 10

174 889 480 954 collocatuS,
519 891 612 939 aut
651 887 696 939 si
735 886 791 940 in
823 885 940 939 XII.
981 888 1067 939 vel
1105 888 1162 939 in
1194 885 1285 939 VI.
1319 886 1384 938 ab
1417 886 1715 955 horoscopo
1747 888 1868 939 loco

107 983 148 1014 10
174 961 246 1013 sit
298 978 419 1014 cum
470 960 623 1013 Luna
675 962 877 1030 pariter
930 961 1167 1030 positus,
1223 959 1454 1013 Saturno
1510 960 1868 1029 horoscopum

174 1035 237 1087 de
271 1035 530 1087 diametro
563 1036 897 1103 respiciente,
927 1035 1228 1087 biothanati
1259 1038 1566 1104 nascentur3
1606 1038 1698 1086 aut
1730 1035 1870 1087 enim

171 1110 364 1178 laqueo
384 1109 627 1177 suspensi
653 1109 964 1177 interibunt,
989 1112 1082 1161 aut
1107 1110 1260 1177 aquis
1285 1109 1546 1162 submersi
1573 1112 1868 1162 extremum

173 1186 575 1252 consequuntur
624 1183 814 1236 mortis
863 1184 1099 1236 exitium.
1183 1181 1239 1235 Si
1279 1182 1431 1235 Luna
1479 1187 1598 1236 cum
1642 1181 1874 1235 Saturno

175 1258 358 1326 partili
407 1257 658 1310 societate
706 1257 988 1310 coniuncta
1027 1258 1082 1309 in
1127 1255 1268 1309 VIII.
1310 1256 1376 1308 ab
1416 1256 1715 1327 horoscopo
1754 1259 1873 1309 loco

112 1353 152 1384 15
179 1332 344 1384 fuerit
390 1332 628 1401 inventa,
674 1350 773 1384 nec
819 1332 1000 1400 aliqua
1045 1331 1295 1384 benivola
1343 1333 1497 1384 stella
1550 1332 1604 1383 in
1661 1331 1874 1384 cardine

179 1406 346 1458 fuerit
386 1406 694 1474 constituta,
733 1424 764 1457 a
801 1407 969 1458 nimia
1009 1406 1284 1474 sanguinis
1317 1406 1574 1458 effusione
1614 1423 1758 1458 mors
1798 1406 1876 1458 in-

184 1481 396 1532 feretur.
474 1479 532 1533 Si
571 1498 697 1533 vero
737 1480 823 1532 his
862 1480 939 1533 sic
972 1480 1229 1532 ordinatis
1262 1480 1318 1531 in
1349 1479 1455 1531 alio
1489 1480 1701 1532 cardine
1731 1480 1876 1532 beni-
1898 1482 1961 1532 11

183 1555 305 1607 vola
346 1555 501 1606 stella
538 1554 702 1606 fuerit
738 1555 968 1624 inventa,
1009 1554 1274 1623 desperati
1304 1554 1597 1606 medicinae
1628 1554 1878 1606 remediis

185 1627 575 1681 convalescunt.
654 1627 712 1680 Si
766 1646 891 1680 vero
939 1645 1059 1680 cum
1107 1627 1279 1680 Marte
1328 1627 1480 1680 Luna
1532 1628 1588 1679 in
1634 1626 1755 1679 VII.
1810 1628 1876 1680 ab

115 1723 158 1754 20
182 1702 483 1770 horoscopo
507 1702 628 1755 loco
659 1703 824 1755 fuerit
855 1703 1086 1770 inventa,
1110 1702 1503 1755 haemorroicos
1526 1701 1687 1754 faciet
1718 1703 1877 1755 inter-

174 1778 262 1828 ire.
343 1775 447 1828 Sed
503 1776 824 1846 generaliter
872 1774 1132 1829 Saturnus
1179 1777 1235 1828 in
1286 1779 1564 1843 nocturna,
1617 1775 1763 1829 Mars
1818 1777 1874 1828 in

177 1851 365 1903 diurna
412 1852 659 1920 genitura
705 1852 760 1903 in
800 1849 921 1902 VII.
961 1851 1027 1903 ab
1075 1851 1376 1919 horoscopo
1424 1849 1543 1902 loco
1592 1851 1874 1903 constituti

175 1924 573 1995 haemorragias
615 1924 668 1976 id
702 1927 783 1977 est
816 1925 1092 1995 sanguinis
1126 1925 1431 1993 eruptiones
1465 1924 1712 1977 efficient.
1769 1923 1874 1976 Sed
1902 1954 1906 1960 ·

178 2002 231 2050 et
271 1999 316 2050 si
355 1999 410 2050 in
450 1998 619 2068 signis
660 1999 828 2067 †eius
870 2000 963 2067 qui
1003 1997 1119 2051 VII.
1160 1999 1226 2050 ab
1265 1998 1566 2067 horoscopo
1605 1997 1756 2050 locus
1788 1999 1874 2050 vel

111 2093 151 2123 25
178 2073 326 2125 locus
367 2072 634 2124 Fortunae
674 2073 836 2124 fuerit
867 2074 1131 2140 inventUS‚
1172 2073 1303 2125 secti
1341 2073 1483 2124 ferro
1520 2072 1713 2124 vitium
1745 2072 1871 2124 vali-

176 2146 376 2198 tudinis
418 2150 825 2214 consequentur.

289 2220 518 2272 Si'vero
570 2219 654 2272 his
703 2220 780 2273 sic
828 2220 967 2272 sicut
1013 2220 1246 2272 diximus
1296 2219 1578 2287 ordinatiS‚
1625 2219 1872 2272 benivola
1894 2221 1961 2272 12

176 2296 331 2346 stella
379 2311 692 2362 prosperum
732 2294 841 2346 illis
880 2295 1246 2347 testimonium
1293 2294 1608 2346 radiationis
1659 2312 1871 2347 conmo-

300 2444 320 2482 1
356 2439 457 2482 loco
491 2439 548 2482 de
571 2444 608 2481 N
732 2445 756 2482 3
790 2439 1168 2496 epichataphoris
1194 2444 1296 2482 NW
1419 2445 1443 2482 6
1476 2439 1758 2497 radiatione]
1792 2454 1868 2484 ex-

177 2500 309 2554 plicit
335 2499 694 2543 additamentum
717 2503 822 2541 Nw
943 2504 969 2542 8
1001 2498 1074 2543 vel
1105 2499 1206 2542 loco
1239 2500 1321 2543 del.
1349 2513 1375 2542 σ
1496 2504 1520 2541 9
1553 2498 1650 2541 XII.
1675 2499 1722 2556 v]
1756 2498 1831 2542 XI.
1861 2499 1864 2556 !

178 2557 226 2599 in
259 2572 342 2602 om.
368 2560 407 2600 Δ
461 2561 466 2613 Ι
515 2557 569 2600 V.
600 2560 684 2600 AB
807 2562 861 2601 10
895 2557 1144 2602 Saturnum
1171 2593 1180 2601 .
1209 2593 1217 2600 .
1247 2593 1255 2602 .
1281 2558 1608 2614 respicientem
1640 2561 1679 2600 Δ
1733 2560 1738 2614 Ι
1788 2558 1868 2600 110-

178 2630 423 2673 roscopum
455 2617 501 2674 κ]
539 2616 597 2659 ab
629 2617 883 2684 horoscopo
1008 2622 1060 2661 13
1095 2620 1434 2683 consequentur
1464 2621 1535 2659 Bv
1572 2617 1870 2671 consequitur

178 2680 213 2717 D
338 2681 390 2718 16
424 2690 451 2718 a
482 2675 628 2718 nimia
660 2677 715 2734 A]
749 2676 906 2719 anima
937 2680 1053 2719 BGv
1097 2676 1284 2720 omnino
1318 2679 1356 2719 Δ
1417 2679 1422 2732 1
1480 2675 1677 2718 infertur
1708 2678 1747 2718 Δ

181 2739 234 2776 22
270 2735 549 2778 constitutus
582 2737 621 2777 Δ
771 2740 825 2777 23
859 2736 1206 2793 haemorragias
1240 2737 1283 2792 σ]
1319 2735 1619 2779 emorraticas
1653 2739 1735 2776 AG
1767 2738 1865 2791 (om.

177 2796 227 2848 B)
261 2793 533 2837 emorratias
566 2796 605 2836 Δ
665 2795 671 2848 Ι
730 2794 996 2850 eruptiones
1025 2796 1090 2852 Γ]
1104 2771 1348 2838 ‘'effusione
1382 2797 1420 2837 A
1545 2799 1600 2836 24
1634 2794 1732 2836 eius
1765 2794 1864 2852 qui]

179 2866 336 2895 eorum
368 2853 417 2895 in
449 2868 476 2895 a
515 2852 677 2907 ignitis
711 2867 737 2895 σ
793 2856 799 2905 Ι
857 2855 904 2896 et
935 2854 1216 2910 horoscopus
1251 2857 1287 2895 A
1344 2856 1349 2906 Ι
1408 2853 1535 2897 locus
1569 2853 1612 2909 6]
1645 2852 1747 2896 loco

179 2916 234 2954 25
266 2911 409 2954 fuerit
432 2915 464 2953 B
481 2913 528 2969 v]
562 2911 634 2954 vel
758 2917 811 2955 26
846 2916 1151 2967 consequetur
1175 2927 1287 2957 corr.
1313 2912 1373 2954 ΒΞ
1493 2917 1546 2954 27
1582 2912 1647 2954 sic
1672 2926 1754 2955 om.
1782 2915 1865 2954 AB

238 2974 293 3014 28
325 2970 588 3014 radiatione
620 2985 731 3015 corr.
758 2987 785 3013 a
817 2972 899 3015 del.
925 2974 949 3023 ζ
1003 2974 1009 3027 Ι
1068 2971 1430 3014 commodaverit
1457 2973 1503 3014 Γ
1528 2971 1681 3013 -davit
1713 2973 1751 3013 A
