2066 3192
827 100 867 144 V
900 104 941 157 4,
967 113 1113 147 14-20
1750 100 1821 154 55

135 240 251 275 sum
285 220 502 276 Saturni
532 221 599 273 ad
632 223 897 290 oportuna
927 221 1204 289 geniturae
1237 219 1444 274 venerit
1474 219 1603 274 loca.
1674 219 1823 272 Tunc

132 296 310 367 iungit
356 313 446 348 eos
494 297 588 348 aut
633 294 943 364 potentibus
991 294 1119 348 viris
1159 297 1252 346 aut
1291 293 1516 347 ducibus
1557 297 1649 346 aut
1686 294 1822 364 regi-

132 369 247 439 bus,
294 373 423 423 tunc
468 369 663 422 notitia
708 372 837 422 tunc
883 368 1136 422 nobilitas
1184 368 1486 422 decernitur
1533 368 1822 422 secundum

133 444 408 514 geniturae
463 443 831 511 substantiam,
885 446 1014 495 tunc
1066 442 1175 496 iuis
1229 443 1530 511 potentium
1584 442 1823 495 virorum

89 539 108 572 5
134 521 337 572 secreta
376 518 679 586 creduntur,
717 520 844 570 tunc
882 535 966 570 res
1006 520 1134 569 tunc
1165 516 1490 586 patrimonia
1520 516 1823 587 potentium

131 592 239 645 illis
291 593 525 645 virorum
585 591 988 644 conmittuntur.
1065 590 1242 644 Erunt
1300 609 1426 644 sane
1475 590 1823 644 fabricatores
1845 592 1910 643 18

129 666 509 734 pastinatoreS,
552 667 844 718 multorum
883 665 1162 718 mobilium
1201 665 1437 718 dominia
1474 665 1822 735 possidentes,

130 739 421 793 Habebunt
466 759 531 793 ex
578 757 741 792 uxore
788 743 841 793 et
885 739 1012 792 filiis
1057 739 1342 809 laetitiam,
1390 739 1481 792 sed
1526 756 1647 792 cum
1685 740 1791 809 pri·
1809 752 1982 795 fot-⁶4⁰1

129 833 277 867 mum
326 814 527 868 fuerint
580 814 890 868 infortuniis
946 814 1176 885 fatigati,
1223 817 1275 866 et
1322 815 1376 867 in
1417 814 1665 866 omnibus
1706 832 1822 866 cau-

63 911 106 943 1o
131 889 205 941 sis
245 889 414 958 (pro)
452 889 583 957 ipsis
624 888 917 942 sententiae
955 888 1317 958 proferuntur,
1357 888 1448 941 sed
1480 888 1526 940 si
1557 887 1670 940 sine
1702 906 1822 941 con-

130 963 362 1016 sortibus
422 962 702 1032 litigarint.
790 962 940 1015 Tunc
1001 963 1143 1016 enim
1202 980 1486 1032 prosperos
1546 962 1824 1016 habebunt

129 1041 350 1091 eventus
382 1038 438 1090 in
471 1037 733 1105 omnibuS,
759 1037 803 1089 si
828 1038 893 1090 ab
928 1039 1074 1090 omni
1104 1036 1591 1105 †commutationis
1622 1037 1823 1090 fuerint

130 1112 398 1165 consortio
440 1111 684 1181 separati.
753 1110 1045 1164 Habebunt
1081 1111 1346 1180 quoddam
1379 1112 1591 1182 signum
1623 1111 1681 1163 in
1711 1128 1822 1164 cor-

128 1203 270 1254 pore.
347 1185 524 1238 Erunt
569 1185 731 1238 etiam
779 1189 872 1238 aut
925 1185 1149 1238 duorum
1195 1188 1410 1255 patrum
1457 1188 1550 1238 aut
1596 1186 1820 1238 duarum

63 1281 103 1314 1⁵
129 1263 360 1312 matrum
393 1260 507 1313 filii.
572 1259 750 1312 Erunt
780 1259 1074 1313 alienorum
1107 1259 1554 1329 patrimoniorum
1588 1260 1822 1312 dominia

128 1334 476 1404 possidentes,
515 1334 753 1405 religiosi
795 1335 1014 1387 deorum
1055 1334 1299 1404 cultoreS‚
1341 1335 1433 1388 sed
1471 1336 1706 1403 primum
1746 1336 1820 1387 vi-

127 1413 212 1461 tae
243 1412 456 1478 tempus
489 1426 670 1462 eorum
695 1408 915 1461 habebit
939 1409 1198 1461 maximas
1224 1408 1587 1478 difficultateS,
1618 1412 1821 1478 postre-

127 1502 273 1536 mum
313 1501 438 1536 vero
478 1483 718 1536 honestis
759 1484 964 1536 actibus
1003 1483 1367 1536 honorabitur.

240 1556 558 1627 [Iuppiter
596 1558 659 1609 in
701 1557 1092 1628 Scorpione]
1155 1557 1471 1626 Quicunque
1510 1556 1693 1610 Iovem
1732 1558 1821 1610 ha·
1843 1558 1908 1610 19

61 1653 104 1685 20
126 1632 342 1685 buerint
395 1633 450 1684 in
503 1631 816 1700 Scorpione,
870 1636 1025 1685 erunt
1079 1631 1300 1703 gloriosi
1355 1634 1618 1701 potenteS,
1671 1650 1819 1701 prae—

128 1707 313 1759 sertim
353 1724 472 1758 cum
512 1706 579 1758 ad
618 1706 820 1759 aestiva
859 1708 1067 1775 tropica
1107 1707 1259 1778 signa
1300 1705 1561 1759 Saturnus
1602 1707 1821 1759 venerit.

126 1779 267 1834 Nam
314 1781 371 1833 in
414 1782 602 1834 ceteris
644 1780 811 1851 signis
853 1779 1084 1834 Saturno
1126 1782 1419 1834 constituto
1460 1784 1514 1834 et
1552 1781 1608 1834 in
1645 1781 1819 1849 primo

127 1855 401 1925 geniturae
449 1855 706 1924 quadrato
716 1897 730 1924 ,
777 1859 932 1908 erunt
977 1857 1032 1908 in
1072 1855 1501 1927 aegritudinibus
1548 1858 1601 1907 et
1646 1855 1820 1907 turbis

128 1932 181 1982 et
234 1929 290 1981 in
345 1929 774 1982 accusationibus
831 1933 883 1982 et
937 1930 1386 1983 commotionibus
1443 1932 1496 1982 et
1542 1930 1717 1983 causis
1769 1932 1821 1982 et

61 2023 102 2057 25
127 2003 548 2056 dissensionibus
600 2007 652 2056 et
702 2005 757 2055 in
806 2005 1149 2074 negotiorum
1198 2004 1608 2057 humilitatibus
1686 2002 1819 2056 Cum

127 2096 252 2131 vero
295 2076 556 2130 Saturnus
594 2079 828 2146 primum
870 2079 1187 2146 quadratum
1229 2079 1436 2142 exierit,
1484 2078 1537 2130 id
1578 2080 1659 2131 est
1700 2096 1818 2130 cum

127 2152 193 2203 ad
243 2151 422 2204 Pisces
472 2153 756 2204 transitum
807 2153 1016 2221 fecerit,
1061 2152 1288 2220 (erunt)
1340 2170 1460 2205 cum
1508 2153 1818 2221 potentibus

128 2244 247 2278 cum
289 2226 512 2279 ducibus
553 2244 671 2278 cum
706 2226 937 2297 regibus,
977 2230 1177 2280 secreta
1210 2245 1392 2279 eorum
1425 2227 1571 2279 fideli
1603 2227 1819 2280 tacitur-

126 2301 295 2352 nitate
344 2303 628 2353 servantes.
704 2299 1051 2371 Navigabunt
1097 2301 1325 2372 grandes
1373 2301 1565 2354 fluvios
1612 2318 1673 2354 ac
1711 2320 1818 2353 ma·
1838 2301 1907 2354 20

245 2436 269 2474 5
302 2444 375 2474 res
408 2431 480 2475 vel
511 2431 845 2486 patrimonium
877 2434 1121 2487 potentum
1155 2435 1194 2475 Δ
1238 2436 1243 2486 Ι
1295 2431 1390 2475 illis
1423 2433 1623 2476 virorum
1655 2435 1818 2489 poten-

125 2489 244 2533 tium
276 2493 301 2542 ζ
449 2495 474 2533 8
507 2492 555 2534 et
586 2504 639 2534 ex
674 2495 707 2533 G
860 2495 914 2534 10
947 2493 1052 2536 add.
1079 2509 1107 2535 κ
1134 2495 1140 2547 Ι
1182 2491 1220 2534 si
1252 2506 1336 2536 om.
1363 2494 1402 2535 A
1558 2497 1610 2536 12
1643 2493 1818 2536 fuerint

127 2549 503 2594 commutationis
528 2552 567 2592 Δ
604 2552 609 2606 Ι
646 2551 983 2594 communionis
1016 2569 1042 2595 κ
1075 2551 1432 2595 consociationis
1467 2566 1492 2595 σ
1616 2556 1668 2594 15
1703 2551 1815 2595 alio-

126 2623 228 2651 rum
264 2611 310 2652 Γ
428 2614 480 2652 16
515 2609 809 2664 possidentes
842 2624 924 2654 om.
952 2613 991 2653 A
1117 2615 1168 2653 17
1211 2610 1453 2654 habebunt
1485 2613 1523 2654 A
1650 2615 1703 2654 18
1734 2611 1816 2654 ho-

126 2667 417 2711 norabuntur
448 2671 487 2711 A
628 2673 679 2711 19
722 2670 880 2714 lemma
913 2683 995 2713 om.
1022 2672 1062 2713 A
1202 2674 1258 2712 20
1299 2669 1347 2712 in
1381 2669 1537 2726 Scorp.
1567 2669 1816 2713 habuerint

132 2729 176 2769 Γ
292 2732 347 2770 24
379 2727 428 2770 in
460 2741 544 2771 om.
571 2730 609 2770 A
748 2733 801 2771 26
838 2728 1040 2784 primum
1081 2728 1266 2772 Saturni
1299 2731 1339 2772 A
1383 2731 1389 2785 Ι
1432 2730 1663 2784 quadrata
1701 2743 1813 2774 corr.

127 2799 189 2828 κσ
310 2791 365 2829 27
407 2787 513 2830 add.
540 2791 575 2828 D
600 2788 751 2844 possis
781 2788 954 2831 similia
986 2790 1131 2832 *multa
1283 2793 1337 2831 28
1372 2801 1475 2832 cum
1515 2788 1704 2843 regibus
1730 2803 1811 2833 om.

127 2847 165 2887 A
289 2850 343 2888 29
385 2847 621 2888 servantes
660 2847 704 2889 Γ
737 2847 810 2903 (cf.
847 2851 919 2900 57,
945 2847 1023 2904 1⁶)]
1057 2849 1313 2890 tractantes
1347 2851 1385 2890 A
1427 2849 1701 2903 (tractantes
1744 2847 1813 2891 vel

126 2905 359 2947 servantes
385 2907 437 2954 D)
