2078 3174
226 81 332 134 150
862 156 864 158 Ι
955 81 1186 126 FIRMICI

156 203 195 254 4
330 201 512 256 Venus
563 204 608 255 si
658 202 713 254 in
763 202 1022 255 feminino
1074 202 1229 273 signo
1289 205 1547 256 collocata
1605 205 1661 256 in
1719 221 1910 257 occasu

218 277 493 346 geniturae
531 275 695 329 fuerit
732 275 963 345 inventa,
1002 279 1055 329 et
1086 275 1231 329 Mars
1269 277 1326 329 in
1364 278 1620 331 feminino
1661 277 1910 331 similiter

217 351 373 420 signo
419 350 583 403 fuerit
627 351 893 419 inventUS,
939 349 1034 402 Sol
1079 351 1241 403 etiam
1287 354 1341 404 et
1377 351 1530 404 Luna
1568 353 1722 422 signa
1759 352 1910 405 femi-

216 426 346 477 nina
381 424 713 493 possideant,
754 424 1032 477 cinaedum
1071 424 1172 476 tibi
1210 424 1484 478 hominem
1523 425 1626 478 ista
1663 427 1911 496 genitura

217 499 559 551 demonstrat.
1955 522 1975 554 5

160 571 183 582 ιν

155 588 190 624 o
329 571 386 625 Si
424 572 482 624 in
519 575 670 641 parte
709 571 997 640 horoscopi
1031 570 1292 624 Saturnus
1332 576 1385 625 et
1416 572 1559 626 Mars
1600 573 1760 626 simul
1798 574 1907 627 fue-

213 647 325 698 rint
366 647 665 714 constituti,
713 649 766 699 et
812 646 884 698 sit
929 646 1175 698 feminini
1221 647 1428 716 generis
1476 648 1714 718 signum,
1760 651 1812 699 et
1851 649 1908 700 in

195 737 411 773 *occasu
449 719 633 773 Venus
681 723 733 772 et
771 719 1068 772 Mercurius
1117 720 1282 789 positi
1331 720 1645 774 femininum
1693 725 1909 775 teneant

213 794 451 864 signum,
504 796 591 846 vel
643 795 689 846 si
743 795 800 847 in
854 793 970 846 MC.
1024 794 1167 846 Mars
1222 798 1275 846 et
1330 793 1589 848 Saturnus
1643 796 1908 865 partiliter

212 869 494 922 constituti
544 867 789 921 feminini
834 867 1067 921 habeant
1114 869 1323 938 generis
1371 869 1585 940 signum
1632 871 1723 936 <et
1769 868 1908 922 Mer·
1932 892 1976 924 10

215 943 395 996 curius
420 946 475 996 et
496 941 679 995 Venus
704 944 760 994 in
782 940 926 995 IMG.
958 942 1122 1011 positi
1152 942 1399 995 feminini
1422 944 1630 1013 generis
1659 943 1908 1014 signum>

211 1016 443 1086 calcent,
483 1016 728 1085 publicos
769 1017 1017 1069 cinaedos
1055 1016 1187 1068 haec
1226 1018 1471 1087 genitura
1508 1021 1602 1069 aut
1642 1021 1782 1070 certe
1821 1019 1907 1070 ab·

210 1091 378 1144 scisos
434 1093 604 1160 gallos
659 1091 868 1143 efficiet.
948 1089 1005 1142 Si
1051 1109 1177 1143 vero
1224 1091 1463 1143 mulieris
1511 1092 1615 1144 ista
1661 1092 1907 1161 genitura

208 1165 387 1233 fuerit,
425 1165 757 1217 meretricem
784 1164 1056 1233 publicam
1081 1164 1379 1218 nundinato
1412 1165 1615 1233 pudore
1649 1165 1903 1234 perficiet.

152 1238 187 1291 6
327 1238 384 1292 Si
416 1240 472 1291 in
505 1242 692 1292 octavo
726 1239 792 1291 ab
826 1238 1123 1307 horoscopo
1154 1240 1274 1291 loco
1302 1238 1456 1291 Luna
1487 1243 1540 1292 et
1569 1239 1714 1292 Mars
1746 1239 1906 1293 simul
1931 1261 1971 1295 15

206 1313 408 1367 fuerint
446 1314 709 1381 collocati,
748 1316 800 1365 et
840 1331 930 1365 eos
968 1312 1265 1366 Mercurius
1306 1313 1364 1366 in
1403 1313 1662 1367 diametro
1703 1315 1896 1366 consti-

206 1390 355 1440 tutus
394 1387 576 1457 partili
618 1387 916 1439 radiatione
953 1388 1219 1456 respiciat,
1257 1387 1524 1440 inmodico
1565 1387 1897 1441 crudelitatis

205 1461 392 1515 ardore
430 1462 663 1515 latrones
703 1462 807 1513 ista
847 1461 1094 1531 genitura
1127 1461 1383 1530 perficiet,
1423 1461 1514 1514 sed
1544 1462 1783 1514 facinora
1814 1480 1897 1514 eo-

204 1555 326 1588 rum
363 1554 460 1605 pro
501 1538 774 1589 stellarum
809 1535 1158 1587 varietatibus
1191 1534 1506 1588 invenimus,
1578 1534 1635 1587 Si
1666 1536 1808 1588 enim
1840 1537 1896 1588 in

205 1611 431 1662 terrenis
479 1610 647 1680 signis
686 1609 830 1662 Mars
870 1613 923 1662 et
960 1609 1114 1662 Luna
1159 1609 1358 1662 fuerint
1406 1610 1668 1678 collocati,
1717 1610 1774 1662 in
1815 1609 1902 1662 de·
1926 1632 1969 1664 20

205 1684 362 1736 sertis
400 1685 533 1737 locis
574 1687 845 1754 grassator
881 1683 1203 1736 constitutus
1240 1685 1650 1736 latrocinantem
1686 1702 1902 1737 manum

204 1759 515 1826 profusione
573 1758 849 1827 sanguinis
905 1758 1217 1811 cruentabit.
1296 1756 1353 1810 Si
1403 1775 1528 1810 vero
1579 1758 1635 1810 in
1686 1757 1900 1826 aquosis

205 1832 375 1902 signis
424 1833 626 1885 fuerint
675 1831 981 1899 constituti,
1029 1849 1282 1900 pecorum
1333 1833 1605 1884 abactores
1653 1831 1901 1901 efficient,

203 1906 611 1975 insequentibus
665 1905 974 1959 hominibus
1029 1906 1225 1958 minaci
1281 1924 1488 1974 semper
1542 1905 1720 1974 gladio
1774 1906 1900 1957 resi-

203 1984 420 2033 stentes,
497 1979 561 2032 In
602 1980 788 2033 solidis
827 1997 951 2032 vero
994 1978 1160 2049 signis
1201 1979 1497 2048 constituti,
1538 1980 1771 2032 famosos
1811 1979 1900 2032 do·
1925 2001 1966 2033 25

203 2072 414 2107 morum
478 2055 784 2108 effractores
847 2054 1101 2121 efficient,
1164 2053 1255 2106 sed
1317 2054 1409 2122 qui
1470 2053 1662 2106 armati
1720 2052 1898 2122 gladio

203 2129 602 2196 quiescentibus
633 2128 942 2181 hominibus
975 2131 1029 2180 et
1059 2128 1371 2196 patrimonii
1398 2129 1657 2180 iacturam
1683 2131 1736 2179 et
1758 2127 1899 2179 vitae

203 2202 487 2255 discrimen
520 2203 783 2273 infligant.
855 2201 957 2254 Sed
996 2201 1054 2253 hi
1095 2219 1278 2254 omnes
1317 2201 1374 2253 in
1413 2201 1531 2254 istis
1571 2200 1897 2254 facinoribus

202 2276 555 2344 conprehensi
602 2276 847 2344 publicae
903 2275 1376 2328 animadversionis
1432 2276 1712 2327 severitate
1757 2275 1897 2344 plec-

325 2471 347 2508 1
374 2466 460 2524 <id
485 2466 592 2525 est>
619 2465 669 2508 in
691 2470 730 2507 N
851 2470 876 2508 5
911 2465 1201 2508 demonstrat
1233 2465 1295 2522 Γ]
1331 2464 1567 2521 significat
1590 2467 1629 2507 Δ
1755 2468 1779 2507 7
1813 2463 1894 2521 sit]

200 2524 296 2566 sint
328 2529 407 2566 BG
560 2529 613 2568 10
647 2524 833 2581 signum
864 2524 1047 2580 generis
1079 2529 1114 2566 Ι)
1161 2523 1439 2566 femininum
1469 2523 1677 2567 habeant
1709 2522 1895 2580 signum

199 2587 240 2624 N
297 2587 302 2638 Ι
360 2585 465 2628 add.
492 2589 530 2626 N
653 2589 704 2626 11
739 2584 833 2626 imo
865 2587 904 2625 N
1027 2587 1079 2625 12
1112 2583 1228 2625 haec
1259 2583 1315 2640 D]
1349 2585 1395 2625 et
1418 2586 1457 2624 N
1490 2595 1546 2625 ex
1573 2584 1620 2626 Γ
1736 2586 1790 2625 13
1823 2581 1893 2624 fa-

199 2643 294 2685 ciet
317 2645 357 2686 A
482 2647 537 2686 14
567 2643 743 2686 nudato
770 2645 809 2686 Δ
934 2647 987 2684 15
1020 2641 1121 2685 loco
1155 2655 1237 2685 om.
1264 2644 1347 2685 AB
1399 2643 1404 2697 Ι
1455 2641 1586 2684 Luna
1612 2654 1717 2684 cum
1740 2640 1890 2683 Marte

198 2705 279 2742 AB
344 2760 352 2767 ι
403 2706 455 2745 17
489 2702 723 2745 inmodico
757 2701 799 2769 σ]
833 2701 882 2744 in
913 2700 1067 2744 medio
1139 2758 1147 2766 ·
1202 2705 1256 2744 19
1288 2699 1495 2767 invenies
1527 2703 1567 2743 Δ
1703 2704 1757 2743 22
1791 2713 1892 2743 cru-

198 2763 379 2804 entav1t
410 2763 450 2803 A
581 2766 635 2804 23
670 2761 842 2804 efficiet
873 2763 912 2803 A
1047 2764 1103 2802 24
1134 2762 1423 2814 insequentis
1456 2763 1582 2801 ΒΘΗ
1704 2763 1758 2802 26
1793 2758 1892 2802 effi-

196 2818 292 2860 ciet
324 2822 406 2863 AB
458 2822 463 2876 Ι
515 2822 697 2870 armato
727 2822 766 2863 A
890 2823 945 2861 27
978 2817 1101 2862 vitae
1134 2818 1383 2862 discrimen
1415 2818 1461 2875 a]
1497 2817 1624 2861 varie
1658 2816 1830 2860 crimen

197 2881 257 2920 28
291 2878 339 2920 hi
372 2892 529 2922 omnes
563 2880 601 2936 ζ]
635 2878 846 2922 homines
969 2881 1023 2920 29
1058 2877 1538 2921 animadversionibus
1571 2880 1651 2918 BG
