2084 3192
93 937 135 969 10

94 1454 136 1487 15

94 1825 137 1857 20

816 125 919 169 VIII
951 130 991 178 6,
1016 131 1140 181 9-7,
1165 138 1198 169 2.
1745 125 1851 179 299

163 248 418 318 gionibus
449 246 730 299 immolari.
809 245 1008 308 Quodsi
1041 247 1096 298 in
1128 263 1316 299 occasu
1349 245 1549 298 fuerint
1581 245 1852 314 HyadeS‚
1879 245 1942 297 13

163 326 217 375 et
250 322 428 375 locum
460 322 623 374 istum
655 319 1024 373 malivolarum
1057 322 1334 372 stellarum
1366 319 1545 372 radius
1576 321 1853 390 inpugnet‚

163 396 501 464 repentinum
549 398 602 447 et
648 395 975 463 insperatum
1022 395 1211 446 mortis
1260 393 1484 446 exitium
1539 393 1853 446 decernitur.

162 469 508 522 Turbulentis
547 467 687 522 enim
728 468 1081 521 seditionibus
1122 467 1362 536 oppressi
1400 470 1453 519 et
1495 467 1723 536 passivis
1763 485 1853 535 po-

160 544 426 612 pularium
458 542 704 595 manibus
738 542 982 610 dissipati
1013 542 1326 610 interibunt,
1357 545 1420 594 ut
1451 541 1640 594 mortis
1670 559 1854 594 eorum

161 622 403 670 auctores
449 635 546 669 nec
593 616 822 668 inveniri
869 615 1078 685 possint
1126 615 1413 684 aliquando
1453 634 1552 668 nec
1599 615 1718 668 dici.
1796 614 1854 667 Si
1875 616 1944 667 14

163 690 364 760 Capra
402 691 459 743 in
498 709 689 744 occasu
722 690 901 758 fuerit,
940 708 1005 742 ex
1036 690 1268 759 praediis
1300 688 1579 742 habebunt
1612 690 1854 742 substan-

160 765 265 818 tiae
302 765 598 818 facultates,
670 763 774 817 Sed
811 763 869 815 hi
907 769 1130 833 propter
1167 765 1338 817 laesas
1377 763 1664 834 religiones
1705 764 1854 834 gravi

158 839 520 908 pulsabuntur
558 838 769 891 invidia.
833 837 1122 890 Habebunt
1161 838 1323 891 etiam
1365 838 1723 890 substantiam
1761 841 1853 889 aut

161 933 223 966 ex
262 912 559 982 naufragiis
599 915 877 967 collectam
917 916 1009 964 aut
1049 932 1114 964 ex
1153 913 1374 964 flumine
1415 915 1770 980 conparatam.

744 1105 863 1158 vn.
913 1103 1268 1174 [TAURUS]

269 1208 334 1262 In
379 1209 541 1263 Tauri
587 1213 738 1278 parte
778 1207 870 1262 VI.
913 1210 1258 1262 inveniuntur
1302 1208 1569 1262 Pliades.
1649 1208 1854 1270 Quibus
1877 1211 1902 1260 1

159 1284 460 1336 orientibus
500 1284 545 1336 si
585 1283 678 1352 qui
716 1287 1015 1352 nascentur,
1054 1283 1347 1336 luxuriosis
1381 1301 1590 1352 semper
1622 1286 1674 1334 et
1705 1282 1855 1334 lasci-

160 1358 240 1410 vis
294 1357 665 1427 voluptatibus
718 1357 1056 1426 inplicantur.
1142 1357 1258 1410 Hos
1311 1357 1602 1427 unguentis
1656 1356 1854 1409 oblitos

161 1435 215 1484 et
260 1433 456 1484 nimiae
496 1431 820 1485 vinolentiae
864 1431 1072 1484 deditos
1110 1431 1439 1500 petulantiae
1478 1431 1610 1484 vitia
1650 1448 1856 1499 semper

161 1508 441 1574 extollunt,
480 1506 612 1574 (ut)
643 1506 699 1558 in
731 1506 989 1558 conviviis
1022 1509 1075 1558 et
1106 1507 1162 1558 in
1195 1506 1339 1558 coitu
1371 1506 1651 1558 hominum
1683 1506 1855 1557 aliena

161 1580 292 1632 vitia
345 1581 513 1633 amari
567 1581 824 1633 sermonis
878 1579 1152 1649 leporibus
1202 1581 1431 1650 pulsent.
1507 1579 1684 1632 Erunt
1730 1597 1855 1631 sane

160 1654 228 1706 ad
267 1671 424 1706 omne
461 1654 747 1707 libidinum
785 1654 994 1707 facinus
1033 1654 1304 1723 applicati,
1351 1658 1404 1708 et
1450 1655 1543 1723 qui
1583 1653 1711 1706 salsi
1752 1671 1854 1705 ser-

161 1729 334 1781 monis
366 1728 706 1782 mordacibus
741 1728 898 1781 dictis
929 1728 1070 1781 risus
1099 1729 1409 1781 hominibus
1443 1728 1710 1782 concitare
1734 1746 1855 1780 con-

162 1803 445 1856 sueverint.
522 1802 698 1855 Erunt
737 1820 946 1871 semper
983 1803 1142 1856 nitidi
1181 1803 1353 1872 polita
1397 1803 1575 1855 fronte
1615 1804 1668 1854 et
1706 1819 1856 1856 accu-
1874 1803 1907 1853 2

160 1876 291 1929 ratis
330 1877 567 1929 vestibus
605 1878 858 1945 prompti,
898 1895 1126 1945 quorum
1169 1877 1352 1930 inflexi
1393 1877 1563 1930 crines
1602 1879 1855 1944 torquan-

160 1954 251 2002 tur
282 1968 491 2020 semper
521 1951 578 2003 in
608 1950 940 2019 bostrychOS,
964 1954 1026 2003 ut
1048 1951 1355 2020 frequenter
1379 1951 1640 2020 appositis
1665 1950 1854 2003 alienis

161 2024 398 2077 crinibus
438 2025 621 2078 fictam
660 2028 715 2077 et
746 2025 1080 2094 conpositam
1112 2024 1564 2091 pulchritudinem
1597 2025 1856 2077 mentian-

282 2220 303 2257 1
350 2214 537 2270 Hyades
569 2229 653 2260 om.
691 2216 738 2258 Γ
882 2220 907 2258 2
956 2214 1196 2258 stellarum
1235 2229 1317 2259 om.
1352 2213 1404 2257 A'
1475 2217 1483 2271 Ι
1555 2228 1738 2271 semper
1767 2215 1855 2258 im-

163 2275 343 2330 pugnat
374 2277 413 2315 N
563 2278 589 2317 8
621 2273 671 2316 hi
702 2287 786 2318 om.
820 2276 859 2317 Δ
1013 2278 1038 2317 9
1071 2275 1214 2317 etiam
1251 2275 1317 2332 Γ]
1350 2275 1398 2318 et
1430 2276 1469 2317 A
1610 2279 1661 2317 11
1696 2275 1853 2318 lemma

162 2347 246 2377 om.
279 2337 315 2374 D
362 2333 494 2377 aliud
517 2334 704 2389 plenius
734 2333 836 2377 hab.
869 2337 908 2375 N
1061 2338 1113 2376 12
1146 2333 1196 2376 in
1228 2348 1311 2377 om.
1344 2336 1384 2377 Δ
1444 2336 1450 2389 Ι
1509 2334 1721 2377 oriuntur
1751 2333 1803 2376 A‘
1846 2334 1850 2390 Ι

163 2391 362 2447 Plyades
396 2395 431 2433 G
575 2396 629 2435 13
662 2394 912 2435 nascentur
942 2393 998 2450 A]
1030 2394 1332 2436 nascerentur
1365 2397 1436 2435 Gv
1478 2393 1579 2436 nati
1610 2392 1787 2436 fuerint
1816 2397 1856 2435 N

160 2465 205 2495 n.
240 2453 349 2494 sunt
379 2455 414 2492 D
583 2456 636 2494 15
668 2450 919 2495 violentiae
951 2453 991 2495 A
1166 2457 1218 2495 16
1252 2452 1359 2496 add.
1393 2453 1417 2505 ζ
1471 2454 1477 2508 Ι
1536 2452 1662 2496 coitu
1693 2451 1854 2510 A'nG]

162 2511 390 2553 conventu
421 2513 461 2551 R
508 2512 642 2553 coetu
674 2526 701 2553 a.
773 2513 780 2567 Ι
851 2509 1029 2554 alienas
1061 2511 1182 2554 vitas
1215 2526 1326 2556 corr.
1361 2524 1423 2555 κσ
1588 2516 1640 2554 17
1683 2511 1854 2555 amaris

162 2567 452 2612 sermonibus
484 2571 524 2611 A
583 2571 589 2625 Ι
646 2570 936 2626 temporibus
967 2584 1079 2615 corr.
1113 2583 1175 2614 κσ
1324 2575 1378 2614 18
1411 2569 1523 2614 salsi
1556 2572 1600 2628 σ]
1633 2570 1765 2614 falsis
1798 2575 1856 2612 Δ·

162 2634 203 2672 et
233 2633 269 2670 D
302 2629 381 2684 qui
413 2627 715 2682 sermonibus,
747 2627 854 2672 falsi
885 2630 979 2673 rell.
1014 2631 1088 2686 (cf.
1120 2631 1290 2674 Manil.
1319 2633 1406 2673 145
1440 2632 1486 2674 et
1518 2629 1616 2673 sale
1647 2629 1854 2673 mordaci

163 2686 312 2730 dulcis
357 2687 631 2741 quaerentia
672 2686 791 2730 risus
832 2688 987 2744 corda)
1143 2693 1196 2732 19
1228 2688 1469 2732 hominum
1501 2692 1541 2732 A
1600 2692 1605 2743 Ι
1664 2702 1854 2732 consue-

161 2747 327 2789 verunt
358 2746 462 2788 An¹
612 2751 664 2788 21
698 2748 996 2805 toi-quantur]
1027 2748 1093 2792 sic
1122 2748 1249 2792 codd.
1283 2762 1433 2792 omnes
1584 2753 1639 2791 22
1671 2747 1853 2803 bostry-

163 2805 272 2848 chos
313 2806 357 2862 6]
405 2804 604 2848 boostris
644 2804 731 2848 hoc
770 2810 808 2847 N
862 2806 999 2850 ostris
1038 2807 1122 2850 hos
1162 2807 1219 2849 D¹
1273 2806 1443 2850 bostris
1487 2807 1570 2851 hos
1608 2809 1655 2850 Γ
1693 2806 1853 2850 lustris

161 2864 246 2907 hos
277 2863 374 2906 D²v
420 2865 583 2920 (tortos
627 2864 675 2906 in
718 2864 908 2908 fluctum
943 2901 950 2908 .
987 2901 995 2908 .
1031 2901 1038 2908 .
1074 2866 1222 2909 crines
1257 2866 1427 2910 Manil.
1464 2867 1629 2922 V147)
1698 2868 1703 2922 Ι
1774 2880 1854 2921 ap-

162 2922 328 2978 positis
360 2937 442 2966 om.
478 2925 517 2966 A
