2066 3192
719 136 721 139 ¹
782 157 846 201 VI
877 162 948 212 22,
973 160 1149 212 18—23‚
1172 169 1209 201 4.
1738 155 1840 208 121

153 277 535 331 deiectionibus
572 277 778 330 minuit.
851 278 905 330 Si
944 295 1069 331 vero
1106 275 1351 346 Iuppiter
1387 275 1643 329 liberatus
1681 275 1843 329 radiis

154 351 294 405 Solis
332 351 389 404 in
426 350 692 404 matutino
733 355 854 405 ortu
901 349 1225 404 constitutus
1265 350 1501 403 eiusdem
1542 349 1682 421 signi
1723 369 1842 403 cum

154 426 275 478 Sole
310 425 554 495 'hospitio
605 428 906 494 copuletur,
952 426 1125 478 fatum
1172 424 1527 478 substantiam
1576 424 1743 477 vitam
1791 427 1843 476 et

152 519 216 552 ex
266 499 382 553 istis
431 499 778 553 felicitatibus
828 501 1036 552 fructus
1087 518 1208 553 cum
1259 499 1493 551 maxima
1541 498 1703 551 etiam
1752 498 1843 551 ho-

107 593 126 626 5
150 575 296 627 noris
334 577 601 643 potestate
642 573 891 642 decernit,
929 577 982 626 et
1022 573 1162 626 bono
1203 576 1483 642 parentum
1522 572 1845 626 videbuntur

150 667 264 702 esse
304 647 586 718 progeniti,
633 651 693 700 ut
740 666 804 700 ex
851 647 934 700 die
981 650 1128 701 ortus
1176 648 1257 700 sui
1306 646 1485 700 omnia
1531 648 1843 716 parentibus

149 722 422 775 felicitatis
471 721 704 792 insignia
755 723 1108 776 conferantur.
1189 720 1292 774 Sed
1341 724 1396 774 et
1448 720 1567 791 ipsi,
1622 722 1714 790 qui
1768 721 1844 774 sic

150 795 365 924 ἑοζθῑηῂ
372 800 425 849 et
455 795 632 849 Solem
668 796 967 866 habuerint,
1006 795 1186 850 felices
1219 799 1469 865 suscepta
1500 795 1686 849 sobole
1717 814 1844 866 gau-

186 889 213 923 e
254 890 325 923 un

83 980 126 1012 10
262 959 578 1030 [Iuppiter
615 963 676 1012 et
714 959 926 1012 Venus
964 959 1247 1029 pariter]
1290 958 1348 1012 Si
1379 958 1624 1029 Iuppiter
1656 962 1710 1012 et
1740 958 1840 1012 Ve-
1858 959 1894 1011 4

150 1052 250 1086 nus
290 1034 347 1086 in
384 1034 564 1087 eadem
604 1036 756 1103 parte
795 1033 879 1086 vel
919 1035 975 1086 in
1005 1035 1191 1087 eodem
1223 1034 1378 1105 signo
1411 1034 1613 1102 pariter
1643 1033 1843 1086 fuerint

150 1109 450 1177 constituti,
511 1108 731 1161 honoris
792 1107 1025 1179 insignia
1087 1127 1208 1162 cum
1263 1109 1499 1162 maxima
1553 1108 1844 1161 decernunt

150 1185 323 1253 gratia
360 1183 672 1251 venustatiS,
720 1183 984 1236 bonorum
1031 1183 1193 1235 etiam
1240 1186 1294 1235 et
1342 1200 1656 1253 magnorum
1705 1182 1842 1235 viro-

148 1276 267 1309 rum
298 1257 542 1310 fidelibus
575 1257 826 1310 amicitiis
852 1275 1058 1327 semper
1082 1257 1362 1311 associant.
1424 1256 1651 1309 Faciunt
1682 1257 1842 1309 etiam

83 1351 123 1383 ιε
148 1331 372 1384 honesta
420 1350 630 1384 morum
682 1332 1080 1384 conversatione
1133 1350 1341 1400 semper
1393 1334 1624 1401 ornatOS,
1675 1334 1729 1383 et
1767 1331 1843 1383 in-

149 1409 299 1476 tegra
344 1405 449 1459 fide
496 1407 736 1459 omnium
783 1405 1101 1475 religionum
1148 1407 1266 1459 iura
1304 1408 1588 1459 servantes.
1665 1405 1842 1458 Erunt

4 764 7 791 Ι

0 894 20 1357 ἰ

0 1452 18 1902 Ι
149 1481 309 1532 etiam
361 1481 454 1548 qui
505 1481 581 1533 sic
629 1479 812 1533 Iovem
862 1480 1150 1533 habuerint
1201 1499 1322 1533 cum
1368 1479 1594 1549 Venere,
1644 1480 1843 1532 munda

0 2537 15 2690 ἑ

0 2741 15 2766 a

3 2801 11 2844 1

0 2862 10 2893 5

2 559 19 662 -γη-,χ
8 503 11 507 -
4 437 14 462 s*
7 406 9 412 -
4 305 14 370 00-
4 207 14 291 ..να-
15 168 17 173 ⁴

148 1554 564 1623 pulchritudinis
614 1554 893 1607 honestate
938 1555 1227 1625 fulgentes,
1286 1554 1553 1607 iudicibus
1608 1557 1660 1606 et
1707 1554 1842 1624 regi-

148 1629 247 1681 bus
292 1628 458 1681 iuncti
501 1647 708 1697 semper
746 1628 965 1681 amabili
1003 1629 1219 1683 vinculo
1261 1629 1511 1682 caritatis.
1590 1628 1694 1681 Sed
1741 1628 1841 1682 hos

84 1724 127 1756 κο
148 1703 214 1755 ad
269 1721 452 1755 omnes
507 1702 705 1772 glorias
764 1703 930 1756 bonae
983 1703 1155 1756 famae
1208 1703 1577 1756 testimonium
1634 1721 1842 1772 semper

270 1866 330 1921 (1)
364 1863 405 1908 εἰ
436 1863 487 1909 δὲ
521 1863 732 1920 ἕξαυγος,
777 1861 966 1938 εὐτυχία
998 1865 1077 1908 καὶ
1109 1861 1374 1920 περίκτησις
1401 1861 1510 1939 βίον
1541 1864 1619 1908 καὶ
1654 1862 1839 1919 ὄφελος·

150 1922 248 1968 οιὸε
289 1924 340 1968 δὲ
381 1922 443 1979 (οἱ
482 1922 534 1968 δὲ
565 1925 608 1979 κ)
650 1923 726 1968 ἐπὶ
765 1921 987 1985 εὐτυχ(ι’ᾳ)
1027 1931 1118 1968 τῶν
1157 1922 1333 1981 γονέων
1367 1940 1603 1968 τικτονται
1641 1923 1721 1967 καὶ
1760 1922 1843 1974 τὰς

150 1983 430 2034 ἀπολαύσεις
461 1982 511 2027 ἐκ
543 1982 746 2056 βρέφους
777 1969 973 2039 ἔχουσιν.
1098 1988 1151 2027 12
1194 1987 1298 2037 170,
1331 1987 1359 2027 5
1390 1983 1441 2027 τὸ
1474 1982 1713 2039 τιμητικὸν
1746 1983 1839 2027 ἐπι-

150 2041 387 2087 δείκνυται
427 2042 507 2085 καὶ
545 2049 647 2093 ταῖς
685 2040 840 2099 χάρισι
879 2041 1224 2116 κεκοσμημένον
1263 2043 1342 2086 καὶ
1382 2042 1467 2099 τὴν
1500 2042 1628 2097 παρὰ
1658 2045 1839 2086 πολλῶν

151 2099 325 2157 φιλίαν.
413 2103 502 2157 (14)
545 2099 595 2145 τό
628 2117 675 2145 τε
707 2099 992 2158 ἀγαθόφρον
1024 2102 1104 2146 καὶ
1137 2099 1319 2160 εὐσεβες
1350 2102 1431 2145 καὶ
1463 2102 1648 2146 ἀστεῖον
1679 2101 1759 2146 καὶ
1791 2101 1841 2145 τὸ

149 2158 263 2216 παρ’
294 2158 481 2218 ἡγεμόσι
513 2160 742 2205 ποθεινὸν
774 2161 852 2204 καὶ
885 2160 1098 2217 εὔφημον
1130 2161 1209 2205 καὶ
1242 2160 1433 2213 εὐκλεές.

271 2314 291 2351 1
327 2310 417 2367 leye
447 2308 574 2351 radis
696 2312 720 2351 3
752 2310 900 2353 totam
933 2308 1076 2352 subst.
1104 2309 1228 2353 vitae
1259 2326 1286 2352 κ
1319 2314 1368 2354 at
1391 2310 1449 2363 cf.
1476 2312 1551 2363 97,
1576 2321 1596 2352 4
1628 2314 1667 2353 et
1694 2309 1838 2354 Catal.

151 2366 337 2425 εὐτυχία
376 2368 456 2411 καὶ
496 2365 760 2424 περίκτησις
798 2366 904 2426 βίου
943 2368 1023 2412 καὶ
1064 2367 1241 2424 ὄφελος.
1385 2373 1410 2412 5
1451 2370 1646 2425 parente
1682 2371 1728 2412 Γ

151 2431 176 2470 8
208 2427 335 2471 felici
368 2445 394 2470 κ
570 2431 623 2469 14
666 2427 808 2471 Verba
840 2427 1086 2471 associant.
1150 2427 1350 2471 Faciunt
1381 2454 1435 2460 --
1470 2432 1572 2482 139,
1601 2439 1618 2471 7
1650 2427 1840 2471 domina

150 2486 291 2530 fuerit
315 2489 366 2530 in
389 2487 483 2531 solo
508 2487 816 2542 Neapolitano
840 2488 1014 2531 tradita
1037 2492 1160 2541 sunt,
1191 2489 1284 2532 nisi
1312 2487 1433 2543 quod
1450 2489 1607 2543 prima
1639 2489 1757 2544 (121,
1785 2492 1838 2530 14

151 2551 310 2599 —122,
331 2548 401 2602 14)
427 2551 467 2590 et
491 2551 686 2590 extrema
711 2548 831 2602 (133,
856 2550 1040 2600 5-139,
1068 2549 1101 2602 7)
1126 2548 1223 2591 eius
1247 2547 1549 2590 additamenti
1566 2561 1681 2603 pars
1705 2548 1841 2590 etiam

150 2606 200 2648 in
217 2606 391 2649 Aldina
412 2605 770 2662 Guelferbytana
790 2606 1103 2660 inveniuntur,
1127 2607 1179 2650 in
1203 2621 1341 2662 quam
1365 2607 1547 2662 iynotus
1563 2606 1753 2661 quidam
1770 2607 1842 2650 vir

150 2665 307 2709 doetus
330 2679 386 2708 eae
417 2665 570 2720 aliquo
594 2665 742 2708 codice
765 2666 918 2721 iynoto
942 2665 1246 2721 Neapolitani
1272 2666 1452 2723 yemello
1479 2667 1565 2719 (W)
1591 2666 1839 2720 transcrip-

149 2725 210 2768 sit
218 2741 234 2777 ‚·
257 2724 378 2767 unde
398 2724 577 2779 primus
600 2725 817 2779 expressit
840 2723 1034 2781 Lessing}
1052 2725 1172 2778 (Zur
1191 2725 1446 2768 Gesehiehte
1472 2724 1550 2768 der
1567 2725 1835 2768 Litteratur‚

151 2784 351 2840 Zweyter
386 2787 591 2838 Beytray.
643 2783 998 2839 Braunsehweiy
1033 2787 1160 2827 1773
1211 2784 1352 2827 XIX
1389 2784 1732 2840 Eryc'inzunqen
1763 2784 1839 2827 des

155 2843 308 2886 Iulius
326 2843 558 2886 Firmieus
577 2863 630 2878 ==
647 2842 922 2886 εᾶηιυιίῑὶοῆε
946 2842 1188 2896 Schriften,
1212 2843 1469 2899 herausyey.
1489 2856 1526 2885 v
1547 2843 1838 2886 Lachmann-

157 2901 430 2945 ΜαῖίεαΙιννι3
456 2901 536 2943 IX
552 2914 599 2955 p.
616 2903 745 2955 272).
779 2901 835 2954 ef.
855 2902 1088 2957 praefatio
1176 2906 1229 2944 19
1254 2901 1439 2944 vinculo
1464 2902 1537 2960 W]
1564 2900 1776 2946 vehiculo
1799 2905 1839 2946 N

212 2964 268 3005 20
301 2960 360 3007 ad
393 2974 477 3008 om.
502 2964 556 3001 W
612 2962 618 3017 Ι
675 2959 848 3019 glorias
880 2961 974 3020 W⁸]
1006 2959 1156 3015 gloria
1188 2960 1312 3006 WbN
