2038 3162
209 110 315 155 VIII
878 107 1234 154 PRAEFATIO.

207 251 340 300 binis
365 250 605 299 columnis
630 251 854 312 scriptos.
895 247 1171 297 Gemellum
1193 264 1304 297 eum
1330 265 1434 298 esse
1449 249 1665 299 Parisini
1689 255 1739 307 Q
1762 252 1858 302 vol.
1873 251 1901 300 I

210 343 257 388 p.
274 325 348 373 VI
379 324 608 386 diximus,
643 323 774 387 quod
805 323 1049 386 probatur
1077 323 1155 371 his
1187 324 1422 386 exemplis
1453 318 1536 390 (ex
1567 325 1720 374 Bollii
1750 326 1898 374 colla-

209 392 391 465 tione):
435 399 498 446 13
517 415 560 448 18
590 395 806 460 nutriat]
841 398 1043 445 nuntiat
1066 418 1122 436 -—-
1146 401 1251 452 PQ
1287 399 1351 445 16
1372 409 1432 448 314
1461 398 1616 447 aciem
1649 401 1906 449 oculorum

211 489 414 522 suorum
439 495 494 510 =
521 477 571 527 Q
642 474 708 520 27
728 489 770 521 ιτ
810 471 1047 534 possessis
1081 471 1142 519 ab
1176 474 1373 520 auctore
1399 495 1454 509 =
1480 477 1530 528 Q
1593 476 1660 523 67
1680 491 1699 523 1
1731 475 1907 522 domus

211 563 300 596 om,
319 569 374 584 =
394 551 444 602 Q
508 547 574 594 67
595 563 638 595 28
668 546 980 608 possiderent
1003 567 1059 582 =
1085 549 1135 601 Q
1214 547 1279 594 69
1301 563 1344 595 ιο
1375 546 1546 595 eodem
1570 570 1625 585 =
1652 553 1703 603 Q
1776 550 1843 597 69
1862 566 1907 598 24

213 621 476 685 Sagittarii
499 635 588 668 om.
608 642 663 658 =
683 625 733 675 Q
790 622 858 669 70
874 637 896 669 s
918 614 1091 684 fuerit]
1119 621 1194 668 est
1211 642 1266 657 =
1285 624 1336 676 Q
1386 622 1454 668 70
1471 637 1515 670 so
1538 623 1654 670 sunt
1674 622 1765 670 illa
1783 645 1838 660 =
1857 627 1907 678 Q

166 710 169 712 -
215 743 279 789 71
300 757 321 788 8
347 739 517 801 itaque
543 753 632 787 om.
652 761 707 775 =
727 742 777 793 Q
841 739 907 786 73
926 755 947 787 9
973 737 1106 794 Quot
1130 700 1273 786 annis
1298 735 1361 787 ds*
1378 739 1636 802 geniturae
1660 740 1909 815 discernat

211 815 346 862 uitae
374 836 428 851 =
456 818 506 868 Q
578 814 643 861 73
664 829 706 861 12
739 811 1053 860 Conditorem
1079 834 1134 849 =
1162 817 1212 867 Q
1276 814 1341 861 73
1363 829 1403 862 15
1434 812 1591 876 ipsius
1622 814 1753 878 signi
1777 837 1832 852 =
1858 819 1908 870 Q

216 890 281 936 73
302 905 344 937 19
375 889 509 935 vitae
541 902 628 935 om.
649 908 704 924 =
732 890 782 941 Q
855 888 921 933 74
940 903 960 935 s
992 885 1156 933 XLIII
1181 908 1236 924 =
1263 891 1313 942 Q
1386 888 1451 935 75
1472 903 1492 937 5
1522 888 1644 936 haec
1674 903 1764 938 om.
1783 911 1837 926 =
1858 894 1909 944 Q

217 963 283 1010 76
306 980 323 1012 1
356 961 600 1010 diuisione
619 983 674 998 ==
694 965 744 1015 Q
820 961 885 1008 76
905 976 947 1009 20
980 960 1187 1024 singulis
1221 960 1378 1010 stellis
1396 983 1450 999 =
1471 965 1521 1016 Q
1591 963 1657 1010 76
1678 980 1719 1012 22
1750 962 1907 1011 habeo

213 1059 268 1074 -ε
296 1041 346 1092 Q
425 1038 491 1084 77
513 1052 554 1084 1³
587 1035 831 1098 qualitate
863 1034 1086 1082 locorum
1109 1056 1165 1071 =
1191 1039 1242 1090 Q
1321 1037 1386 1082 77
1408 1052 1448 1085 1⁹1
1481 1035 1555 1083 De
1579 1037 1796 1085 numeris
1822 1053 1908 1086 an-

212 1112 470 1159 tisciorum
503 1111 553 1158 et
585 1109 998 1171 apotelesmatum
1025 1131 1079 1146 =
1106 1112 1156 1163 Q
1272 1110 1338 1156 78
1358 1127 1378 1159 3
1415 1108 1670 1174 Sidonius]
1712 1110 1908 1159 sidorus

214 1187 273 1246 cf.
308 1185 519 1233 siderius
555 1188 605 1238 Q
705 1184 774 1231 80
793 1200 835 1232 27
866 1184 1039 1245 itaque
1071 1197 1160 1230 om.
1179 1205 1234 1220 =
1261 1187 1312 1238 Q
1403 1185 1469 1232 81
1491 1202 1510 1233 1
1541 1184 1752 1233 istarum
1776 1207 1831 1223 =
1858 1190 1908 1240 Q

216 1260 284 1307 82
303 1277 323 1308 3
350 1257 567 1320 piscibus
586 1280 640 1294 =
661 1261 711 1312 Q
789 1258 856 1304 82
877 1273 919 1306 ιο
942 1257 1050 1305 loco
1075 1256 1330 1321 geniturae
1348 1280 1403 1294 =
1423 1263 1473 1313 Q
1543 1259 1608 1306 82
1630 1276 1671 1308 27
1697 1260 1907 1323 geminis

215 1356 270 1371 ==
298 1337 348 1387 Q
447 1333 515 1380 83
538 1349 578 1380 12
620 1331 760 1379 uidet
784 1353 839 1368 =
867 1336 917 1386 Q
1017 1331 1124 1380 858
1154 1334 1205 1379 te
1235 1346 1399 1381 om‚=
1426 1337 1476 1387 Q
1575 1334 1682 1382 867
1721 1333 1906 1395 poteris

214 1423 305 1455 om.
324 1429 378 1444 =
405 1411 455 1461 Q
541 1406 608 1453 86
629 1423 671 1455 so
703 1407 755 1453 et
784 1405 848 1452 ad
879 1405 1213 1454 conservanda
1238 1427 1293 1442 =
1310 1410 1371 1461 Q,
1459 1407 1526 1453 87
1547 1423 1588 1456 se
1618 1410 1750 1455 recte
1776 1430 1831 1445 =
1858 1412 1908 1463 Q

217 1483 285 1530 88
306 1498 347 1530 16
380 1480 551 1541 aliqua
584 1495 641 1527 ex
671 1481 886 1541 parte=
906 1484 955 1534 Q
1029 1481 1096 1527 89
1117 1496 1136 1529 ⁶
1169 1479 1352 1542 Incipit
1383 1480 1475 1541 cap
1504 1480 1619 1528 libri
1649 1481 1728 1529 III
1758 1483 1817 1541 cf.
1843 1486 1906 1537 Q.

290 1574 336 1617 7.
369 1571 693 1616 Pal-isinum
721 1569 861 1615 7312
895 1567 1097 1616 membr.
1132 1583 1219 1616 cm.
1248 1569 1314 1615 46
1336 1569 1434 1616 :32
1470 1584 1593 1618 saec.
1619 1569 1740 1629 XV.,
1778 1569 1907 1619 binis

217 1643 457 1692 columnis
503 1643 570 1690 48
605 1657 836 1691 versuum
882 1641 1038 1689 nitide
1086 1643 1345 1704 scriptum,
1393 1642 1503 1691 ideo
1548 1643 1907 1707 subiungimus,

219 1716 351 1780 quod
383 1733 440 1764 ex
474 1732 530 1764 eo
563 1717 908 1778 supplementa
939 1717 1159 1764 recentia
1191 1716 1372 1764 codicis
1406 1721 1456 1771 Q
1488 1711 1572 1780 (cf.
1597 1717 1692 1765 vol.
1717 1717 1742 1764 I
1771 1734 1818 1780 p.
1837 1712 1907 1784 V)

217 1790 464 1852 descripta
494 1793 625 1838 sunt.
679 1789 887 1851 Aliquot
925 1790 1161 1838 lectiones
1202 1791 1306 1838 eius
1345 1791 1398 1838 in
1432 1790 1619 1839 Sittelii
1660 1794 1908 1854 apparatu

215 1866 455 1925 invenias,
487 1863 665 1926 quibus
697 1863 819 1912 satis
853 1866 1062 1926 apparet
1088 1864 1218 1912 hunc
1242 1864 1460 1912 codicem
1491 1865 1802 1927 impudenter
1832 1867 1907 1913 in-

216 1939 516 2001 terpolatum
555 1937 689 1985 haud
725 1938 940 1986 multum
981 1938 1163 1986 distare
1198 1954 1227 1985 a
1259 1938 1386 1986 libro
1418 1939 1562 1986 huius
1602 1941 1795 2002 generis
1827 1955 1907 1988 ve·

216 2013 506 2073 tustissimo,
540 2013 627 2074 qui
658 2014 732 2059 est

294 2107 343 2150 8.
375 2104 730 2149 Monacensis
758 2101 864 2148 560
888 2100 1090 2150 membr.
1116 2115 1239 2149 saec.
1263 2101 1345 2149 XI.
1373 2094 1458 2167 (cf.
1483 2101 1676 2166 Kelber,
1709 2102 1782 2149 Zu
1807 2102 1907 2152 Jul.

218 2176 367 2224 Firm.
386 2175 504 2222 Mat.
523 2174 633 2221 dem
650 2174 963 2237 Astrologen,
978 2174 1414 2238 Progr.Erlangen
1435 2176 1590 2224 1881.
1622 2175 1909 2237 Mommsen,

218 2250 383 2297 Herm.
403 2248 564 2296 XXIX
591 2242 738 2313 618),
770 2247 854 2310 qui
878 2247 1008 2296 inter
1031 2248 1132 2296 alia
1157 2250 1487 2297 astronomica
1510 2250 1541 2295 f.
1565 2251 1781 2298 20—60
1801 2249 1907 2297 Fir-

218 2323 335 2371 mici
373 2322 523 2369 libros
563 2321 601 2369 Ι.
636 2324 685 2369 et
715 2322 779 2369 ΙΙ.
813 2322 1072 2369 dimidium
1107 2317 1201 2387 (——
1223 2323 1286 2369 76
1307 2316 1374 2387 so)
1415 2322 1632 2383 exhibet,
1679 2322 1763 2371 sed
1802 2325 1907 2371 tam

219 2397 395 2445 misere
435 2396 730 2458 depravatos
772 2397 821 2442 et
858 2395 1205 2456 interpolatos,
1250 2398 1307 2443 ut
1344 2397 1472 2444 hunc
1513 2395 1728 2444 codicem
1759 2397 1906 2458 plane

220 2470 532 2519 abiciendum
565 2469 909 2529 censuerimus,
943 2484 1053 2516 cum
1083 2471 1134 2516 in
1170 2469 1357 2517 Sittelii
1388 2472 1633 2532 apparatu
1663 2470 1906 2532 plurimae

221 2547 324 2592 eius
363 2545 599 2591 lectiones
638 2543 880 2606 legantur.
950 2542 1160 2604 Aliquot
1199 2559 1314 2591 sane
1354 2544 1486 2592 locos
1525 2546 1655 2591 recte
1695 2546 1904 2594 sanavit.

222 2617 355 2675 Quae
382 2617 439 2665 de
463 2617 669 2680 ratione,
699 2632 824 2678 quae
847 2616 1173 2664 intercederet
1196 2617 1326 2664 inter
1348 2617 1691 2665 Monacensem
1715 2620 1766 2664 et
1791 2617 1904 2665 Gas-

222 2692 485 2750 sinensem,
518 2689 637 2738 Sittl
667 2708 714 2752 p.
740 2690 783 2736 X
816 2690 1120 2751 conscripsit,
1153 2707 1213 2738 ne
1244 2692 1293 2738 te
1327 2691 1597 2752 decipiant,
1628 2691 1905 2752 inserimus,

224 2781 350 2827 quae
381 2764 671 2828 rogantibus
703 2763 844 2811 nobis
876 2763 1085 2826 benigne
1116 2759 1370 2826 rescripsit
1402 2764 1830 2812 Gundermannus:

298 2838 447 2899 „Sittl
477 2838 529 2884 in
562 2828 721 2886 seiner
752 2836 982 2900 Ausgabe
1015 2837 1098 2885 des
1130 2837 1370 2885 Firmicus
1401 2854 1447 2899 p.
1474 2838 1516 2884 X
1548 2838 1724 2898 meint,
1762 2854 1905 2886 wenn

222 2912 302 2959 ich
344 2911 428 2959 ihn
471 2911 610 2959 recht
651 2911 896 2972 verstehe,
941 2910 1035 2958 dass
1080 2911 1166 2958 der
1204 2911 1445 2960 Firmicus
1487 2912 1556 2958 im
1599 2911 1903 2960 Monacensis
