2066 3192
809 153 875 199 VI
906 158 978 209 22,
1001 165 1161 198 11—18.
1728 157 1832 209 119

144 278 488 348 possederint,
526 277 672 330 vocis
706 293 895 330 sonum
926 274 1085 328 balba
1115 275 1428 329 confusione
1458 276 1674 348 linguae
1706 295 1837 331 sem-

143 372 237 421 per
298 351 599 422 inpediunt,
660 354 752 403 aut
812 349 963 403 tardo
1025 367 1268 402 sermone
1329 349 1534 403 faciunt
1596 351 1837 421 inpedita

143 427 304 480 verba
352 425 596 496 proferri,
650 428 743 478 aut
793 422 1030 476 auditum
1084 423 1235 494 gravi
1284 426 1578 478 valitudine
1630 444 1838 496 semper

143 502 459 572 inpugnant,
499 503 552 553 et
590 517 865 569 nunquam
905 516 1088 551 eorum
1128 498 1450 566 permittunt
1482 500 1643 553 simul
1674 501 1835 570 positi

98 597 117 630 5
141 575 436 628 Mercurius
468 577 522 626 et
554 573 818 627 Saturnus
851 571 1112 625 desideria
1143 572 1395 642 conpleri.
1465 573 1641 627 Erunt
1674 574 1836 627 etiam
1856 574 1924 627 16

142 649 198 702 in
246 648 492 702 omnibus
539 648 748 702 actibus
794 646 918 700 fidei
965 645 1276 699 testimonio
1326 647 1583 701 destituti.
1661 649 1837 702 Erunt

142 724 304 776 etiam
335 723 410 776 sic
439 723 697 776 habentes
730 722 1018 775 Saturnum
1050 724 1102 773 et
1134 720 1458 775 Mercurium
1489 723 1663 794 rigida
1694 742 1837 776 men-

142 799 212 850 tis
266 797 585 851 auctoritate
641 795 831 863 durati,
885 798 939 848 et
993 795 1264 848 obstinata
1318 815 1530 866 semper
1582 816 1642 850 ac
1691 797 1836 851 tristi

144 871 566 925 dissimulatione
607 869 887 940 conpositi,
928 869 1019 922 sed
1058 869 1115 922 hi
1155 871 1321 923 animi
1359 871 1442 924 sui
1474 871 1699 925 consilia
1729 872 1837 924 alta

76 971 120 1001 10
142 946 376 999 malitiae
414 945 782 1000 taciturnitate
822 944 1083 998 celabunt.
1159 943 1442 1015 Ingenium
1483 965 1608 999 vero
1653 965 1837 999 eorum

14 1335 118 1373 '15

77 1713 120 1746 20

142 1020 327 1074 multis
365 1019 769 1089 disciplinarum
810 1019 1002 1072 studiis
1040 1017 1282 1071 inbuent.

254 1094 592 1165 [Saturnus
619 1099 679 1148 et
703 1094 876 1169 Luna
898 1091 1182 1163 pariter]
1236 1092 1293 1146 Si
1319 1093 1582 1148 Saturnus
1609 1099 1662 1148 et
1684 1095 1836 1148 Luna
1858 1096 1923 1147 17

143 1189 309 1223 unum
354 1169 650 1239 hospitium
698 1167 867 1238 partis
914 1168 1236 1236 acceperint,
1287 1173 1340 1221 et
1386 1169 1444 1221 in
1489 1170 1673 1222 eodem
1719 1170 1837 1222 loco

142 1245 342 1313 pariter
381 1244 660 1297 constituti
693 1241 961 1312 aequabili
994 1241 1264 1294 societatis
1294 1243 1500 1296 ratione
1532 1244 1838 1315 iungantur,

143 1337 328 1372 omnes
374 1317 610 1387 impetus
649 1322 703 1371 et
743 1335 925 1370 omnes
965 1316 1131 1368 animi
1170 1317 1525 1388 cogitationes
1564 1323 1618 1372 et
1657 1337 1839 1372 omnes

143 1397 292 1446 actus
331 1392 582 1446 inbecilla
620 1392 829 1444 timoris
868 1390 1226 1460 trepidatione
1266 1411 1476 1462 semper
1520 1393 1838 1464 inpugnant.

144 1467 250 1521 Sed
303 1470 356 1520 et
408 1471 647 1520 materna
700 1465 1000 1518 substantia
1053 1484 1118 1517 ex
1171 1465 1274 1517 ista
1325 1468 1580 1520 societate
1630 1467 1840 1521 miseris

141 1541 554 1595 lacerationibus
593 1541 896 1609 dissipatur.
973 1539 1174 1592 Matres
1214 1540 1376 1593 etiam
1416 1559 1617 1612 eorum,
1657 1541 1748 1594 sed
1787 1545 1840 1594 et

144 1617 291 1686 ipsos
330 1617 481 1687 gravi
521 1615 919 1686 aegritudinum
967 1615 1368 1667 continuatione
1411 1614 1710 1668 debilitant.
1782 1615 1840 1669 Si

145 1709 271 1744 vero
325 1691 559 1759 (fuerit)
614 1689 802 1741 diurna
856 1689 1125 1759 genitura,
1179 1692 1233 1742 et
1287 1690 1358 1742 sit
1408 1689 1632 1759 (Luna)
1683 1690 1842 1760 plena

143 1764 440 1817 luminibus
451 1806 464 1832 ,
520 1767 573 1816 et
618 1763 988 1816 benivolarum
1037 1765 1312 1817 stellarum
1359 1765 1640 1817 accesserit
1686 1783 1840 1834 opor-

145 1842 276 1891 tuna
327 1838 570 1908 radiatiO,
622 1837 860 1890 omnium
910 1837 1245 1907 <malorum>
1294 1839 1613 1907 prohibetur
1663 1839 1839 1909 inpro-

145 1914 300 1966 bitas,
378 1912 435 1966 Si
482 1930 605 1964 vero
652 1910 817 1964 fuerit
862 1915 1122 1965 nocturna
1170 1912 1430 1983 genitura,
1478 1917 1532 1966 et
1570 1913 1722 1966 Luna
1768 1913 1839 1966 sit
1862 1913 1927 1966 18

266 2063 291 2102 ὅ
340 2062 443 2113 163,
470 2062 527 2103 15
558 2058 766 2116 ψεύδους
797 2057 945 2110 αἴτιος
986 2059 1067 2102 καὶ
1100 2057 1292 2115 ἐνέδρας
1334 2060 1414 2103 καὶ
1454 2057 1730 2116 δολιότητος.
1796 2058 1840 2103 οἱ

145 2125 364 2174 τοιοῦτοι,
398 2116 555 2175 φησίν,
588 2114 692 2162 οὐδ’
723 2115 836 2162 ὅταν
868 2118 1024 2174 ἀληθῆ
1056 2116 1220 2175 λέγωσι
1250 2118 1548 2163 πιστεύονται
1701 2120 1762 2175 (4)
1796 2118 1839 2163 οἱ

146 2186 352 2223 τοιοῦτοι
398 2177 450 2222 δὲ
496 2178 577 2220 καὶ
624 2175 984 2221 δυσεπίτευκτοι.
1102 2182 1127 2220 9
1176 2182 1235 2222 19
1281 2176 1614 2235 βαθυπόνηροι
1662 2177 1713 2222 δὲ
1760 2179 1841 2221 καὶ

148 2241 240 2293 (10)
273 2235 508 2294 περίεργοι
542 2236 738 2280 ἔσονται.
834 2241 887 2280 15
919 2239 980 2281 25
1011 2236 1062 2280 αἱ
1094 2234 1145 2280 δὲ
1177 2236 1371 2291 πράξεις
1395 2238 1617 2292 ἀδρανεῖς
1641 2238 1838 2282 ἔσονται.

152 2302 204 2341 17
244 2301 305 2343 ,24
345 2296 669 2350 ὀλεθρευτικὸς
710 2295 836 2340 ἔσται
876 2304 1108 2352 μητρικῶν
1139 2297 1401 2351 προσώπων
1433 2298 1513 2341 καὶ
1544 2295 1650 2356 βίου
1682 2313 1838 2354 μητρι-

149 2363 249 2401 κοῦ.
344 2360 400 2400 20
438 2359 501 2400 29
541 2355 591 2399 ἐν
631 2354 682 2400 δὲ
721 2352 870 2416 ἡμέρᾳ
908 2355 1261 2412 αὐξιφωτούσης
1299 2357 1442 2412 αὐτῆς
1481 2357 1561 2400 καὶ
1600 2364 1692 2400 τῶν
1723 2357 1838 2413 ἀγα-

148 2420 364 2461 θοποιῶν
405 2414 620 2471 ὁρώντων
652 2414 847 2464 κώλυσις
879 2414 1006 2459 ἔσται
1036 2423 1128 2459 τῶν
1161 2422 1329 2459 κακῶν.
1448 2421 1610 2472 23-p.
1639 2421 1723 2459 120
1755 2416 1786 2459 l.
1814 2420 1840 2458 4

148 2479 210 2519 27
250 2474 362 2519 ὥστε
402 2476 451 2519 ἐν
484 2474 618 2518 νυκτὶ
650 2473 739 2518 εἴτε
772 2474 1026 2529 αὐξιφωτεῖ
1055 2473 1144 2518 εἴτε
1175 2476 1452 2531 λειψιφωτεῖ
1480 2475 1571 2520 ὑπὸ
1603 2483 1685 2519 τοῦ
1718 2473 1842 2531 Κρό-

151 2551 235 2578 νου
277 2531 580 2592 βλαπτομένη,
620 2530 711 2577 κόιν
750 2531 795 2576 οἱ
834 2533 919 2578 δύο
952 2534 1243 2590 ἀγαθοποιοὶ
1276 2542 1582 2591 μαρτυρῶσιν,
1617 2535 1672 2579 οὐ
1705 2551 1841 2590 μετα-

151 2593 376 2651 τρέψουσι
407 2591 463 2635 τὰ
495 2590 632 2636 κακοὶ.

273 2732 295 2770 1
337 2725 596 2783 possederit
629 2728 668 2768 Δ
803 2730 827 2768 2
868 2725 1117 2782 inpediunt
1149 2726 1190 2784 ζ]
1228 2725 1397 2769 indicit
1428 2728 1483 2781 cf.
1510 2731 1613 2781 104,
1638 2739 1681 2769 24
1727 2726 1840 2769 inci-

153 2785 223 2828 dit
253 2801 280 2827 κ
401 2790 427 2830 8
462 2785 628 2828 durata
661 2787 700 2828 Δ
752 2786 757 2843 Ι
809 2798 990 2841 semper
1021 2799 1074 2829 ac
1106 2784 1178 2842 A'}
1217 2799 1271 2828 ac
1304 2799 1484 2842 semper
1608 2791 1657 2828 11
1691 2785 1841 2829 imbu-

152 2847 288 2888 erunt
312 2847 351 2888 Δ
384 2844 651 2887 imbuantur
675 2860 702 2886 a
826 2849 878 2886 13
911 2844 1167 2900 hospitium
1198 2859 1341 2887 unum
1373 2849 1451 2887 BG
1476 2846 1580 2888 Pat.
1624 2847 1630 2899 Ι
1671 2845 1839 2902 partis]

153 2904 328 2959 pariter
363 2906 451 2947 ΓΔ
607 2907 660 2946 16
693 2902 874 2946 timoris
907 2905 951 2960 σ]
995 2904 1157 2946 mortis
1191 2903 1374 2959 (mentis
1407 2907 1450 2959 κ)
1604 2908 1659 2947 20
1699 2903 1842 2947 fuerit

154 2964 259 3007 add.
286 2967 322 3005 A
365 2965 369 3018 Ι
413 2963 545 3005 Luna
576 2963 680 3007 add.
712 2978 739 3005 a.
860 2966 915 3005 22
947 2962 1210 3006 radiatione
1242 2965 1281 3005 Δ
1326 2965 1331 3018 Ι
1375 2964 1481 3006 add.
1506 2967 1544 3005 N
