2084 3192
782 149 866 192 VIl
898 154 968 203 23,
994 161 1152 194 23—29.
1702 149 1808 201 267

121 271 319 324 fuerint
371 270 671 335 constituti,
726 270 1088 331 inefficacibus
1143 274 1196 323 et
1250 271 1458 323 miseris
1511 269 1810 322 rationibus

118 348 532 414 praeponentur,
594 343 686 395 sed
746 344 844 396 hos
900 344 1111 396 eosdem
1173 344 1379 396 faciunt
1439 343 1496 396 in
1558 343 1810 396 omnibus

117 419 298 472 tardos
339 436 546 487 semper
593 420 645 469 et
691 417 989 488 languidos,
1069 417 1126 470 Si
1174 436 1299 471 vero
1348 418 1448 470 hos
1487 417 1632 470 Mars
1684 435 1809 486 qua-

119 494 270 545 drata
328 493 414 544 vel
474 492 733 544 diametra
792 492 1086 544 radiatione
1147 493 1462 561 respexerit,
1524 492 1809 544 sceleratos

72 589 93 621 5
116 567 350 620 latrones
389 566 629 635 periuros
671 565 931 619 delatores
971 570 1024 618 et
1062 583 1280 619 suorum
1318 565 1620 635 proditores
1667 566 1775 618 effi·
1795 577 1986 620 sol-⁹7⁰1!

119 642 275 694 ciunt.
353 639 579 702 Quidam
618 657 743 692 vero
783 643 1006 709 propter
1044 658 1224 693 servos
1266 640 1351 692 vel
1394 643 1616 708 propter
1666 640 1807 692 dam-

118 718 274 767 natos
312 714 556 767 homines
595 714 847 782 periculis
886 714 970 767 vel
1009 715 1266 767 custodiis
1306 714 1615 782 traduntur,
1662 733 1810 782 prae-

118 789 304 842 sertim
350 789 395 840 si
433 787 639 840 Lunam
678 787 822 840 Mars
872 787 1112 856 qualibet
1161 789 1454 841 radiatione
1501 788 1809 857 respexerit.

119 862 177 916 Si
217 862 478 916 Saturnus
518 863 574 914 in
612 860 758 914 VIII.
799 862 864 914 ab
911 863 1209 932 horoscopo
1254 864 1374 916 loco
1425 862 1589 915 fuerit
1628 862 1808 915 inven-
1826 861 1895 914 28

52 958 95 991 10
118 940 223 1005 tuS‚
261 941 353 988 aut
391 937 448 988 in
487 936 705 988 anafora
743 936 1028 1006 horoscopi
1069 937 1231 990 fuerit
1271 937 1618 1004 constitutus,
1656 935 1809 988 Luna

119 1029 245 1064 vero
286 1011 341 1063 in
380 1010 613 1063 anaforis
658 1010 745 1063 vel
790 1010 847 1062 in
886 1011 1227 1079 epicataforis
1273 1012 1343 1063 sit
1395 1011 1707 1078 constituta,
1755 1014 1809 1062 et

116 1085 259 1138 Mars
291 1085 346 1136 in
379 1082 498 1136 VII.
532 1085 598 1137 ab
630 1084 929 1154 horoscopo
961 1085 1151 1154 (loco)
1189 1085 1506 1154 inveniatur,
1547 1088 1702 1137 erunt
1740 1084 1806 1136 ab

118 1160 263 1211 omni
301 1158 622 1228 religionum
672 1177 798 1212 cura
845 1160 1082 1228 sepositi.
1162 1159 1218 1212 Si
1263 1178 1390 1212 vero
1440 1160 1517 1213 sic
1560 1159 1646 1212 his
1698 1176 1807 1212 om—

117 1233 279 1286 nibus
319 1232 577 1286 ordinatis
618 1231 880 1285 Saturnus
919 1237 972 1286 et
1011 1233 1163 1286 Luna
1208 1234 1265 1286 in
1303 1234 1576 1302 quadratis
1624 1251 1806 1285 eorum

50 1328 92 1361 15
115 1308 201 1360 vel
239 1309 296 1360 in
336 1306 607 1360 diametris
645 1308 781 1360 locis
818 1307 1019 1360 fuerint
1057 1308 1277 1376 inventi,
1320 1308 1637 1377 spoliatores
1676 1311 1806 1360 tem-

116 1382 330 1450 plorum
362 1381 616 1448 efficiunt,
648 1382 740 1434 sed
773 1381 864 1450 qui
900 1382 967 1435 ob
996 1382 1099 1434 hoc
1132 1382 1347 1451 publica
1372 1385 1542 1434 morte
1574 1383 1807 1450 plectan-

116 1460 219 1507 tur.
298 1454 501 1517 Quodsi
538 1456 623 1507 his
665 1455 743 1508 sic
781 1456 1039 1509 ordinatis
1079 1455 1321 1526 Iuppiter
1368 1459 1420 1508 et
1460 1456 1642 1508 Venus
1686 1473 1808 1509 cum

116 1530 248 1598 ipsis
287 1529 487 1582 fuerint
525 1531 746 1600 inventi,
786 1530 1085 1584 sacerdotes
1124 1531 1362 1600 profetas
1399 1548 1657 1583 neocoros
1697 1529 1809 1582 effi-

116 1604 285 1672 ciunt,
333 1603 424 1655 sed
472 1607 524 1657 et
578 1603 724 1673 ipsos
778 1604 1093 1657 biothanata
1146 1609 1319 1658 morte
1373 1608 1671 1673 pereuntes,
1750 1602 1807 1656 Si
1824 1603 1895 1656 29

49 1698 92 1730 20
116 1677 268 1730 Luna
306 1695 428 1731 cum
460 1678 630 1730 Marte
667 1679 724 1730 in
763 1695 955 1732 occasu
994 1679 1156 1731 fuerit
1194 1679 1426 1747 inventa,
1464 1679 1539 1731 ita
1571 1682 1631 1730 ut
1661 1677 1807 1730 Mars

115 1752 395 1820 praecedat
439 1754 496 1805 in
542 1753 782 1820 partibus
790 1795 804 1821 ‚
845 1752 1108 1806 Saturnus
1148 1771 1271 1806 vero
1319 1757 1373 1806 et
1409 1753 1705 1805 Mercurius
1753 1752 1810 1803 in

115 1824 257 1878 IMC.
290 1826 398 1878 sint
436 1826 634 1895 pariter
665 1827 962 1896 constituti,
1004 1828 1345 1880 biothanatos
1386 1827 1641 1880 efficiunt.
1704 1826 1809 1878 Sed

118 1904 168 1951 et
211 1917 351 1952 mors
390 1919 488 1969 pro
523 1900 799 1971 signorum
838 1906 1027 1955 natura
1059 1902 1414 1972 cognoscitur.
1483 1899 1547 1953 In
1586 1901 1807 1969 tropicis

115 1975 200 2026 vel
250 1975 306 2025 in
352 1975 569 2042 aquosis
620 1975 787 2046 signis
838 1977 1143 2043 constituti7
1189 1979 1282 2028 aut
1328 1976 1648 2044 hydropicos
1694 1993 1808 2045 per-

50 2068 92 2100 25
116 2048 312 2116 imunt,
351 2053 444 2101 aut
481 2049 640 2100 undis
678 2050 883 2102 faciunt
920 2051 1338 2119 fluminibusque
1382 2049 1666 2118 submergi.
1743 2047 1806 2100 In

118 2121 420 2190 duplicibus
459 2141 583 2175 vero
625 2124 791 2194 signis
831 2128 923 2176 aut
962 2125 1019 2176 in
1057 2124 1243 2177 solidis
1283 2125 1358 2176 sic
1398 2125 1537 2176 sicut
1575 2124 1805 2176 diximus

116 2196 296 2264 positi,
337 2195 708 2265 epilempticos
748 2198 967 2267 faciunt,
1008 2199 1100 2250 sed
1138 2198 1452 2251 biothanata
1482 2200 1654 2250 morte
1692 2215 1806 2265 per-

118 2273 317 2321 euntes,
411 2269 468 2322 Si
522 2289 647 2323 vero
700 2272 801 2324 hos
855 2270 1097 2341 Iuppiter
1152 2276 1203 2324 et
1258 2271 1441 2325 Venus
1500 2290 1564 2324 ex
1626 2271 1808 2340 aliqua

117 2347 268 2411 parte
329 2346 676 2411 respexerint,
740 2346 1023 2398 discrimen
1087 2346 1451 2416 praecedentis
1522 2345 1806 2397 infortunii

50 2437 93 2469 30
119 2417 411 2487 mitigatur.

238 2583 260 2621 1
296 2577 539 2621 constituti
570 2580 634 2637 Γ]
667 2580 845 2624 inventi
877 2584 916 2624 Δ
1040 2587 1066 2625 4
1096 2581 1373 2639 respexerit]
1406 2581 1629 2637 respiciat
1659 2584 1696 2622 A
1742 2580 1806 2622 vi-

120 2636 241 2679 derit
271 2640 309 2678 R
433 2642 486 2680 12
520 2639 625 2682 add.
651 2642 687 2680 Δ
745 2643 750 2694 Ι
809 2642 944 2683 erunt
973 2641 1032 2684 ab
1066 2642 1169 2698 AB]
1204 2643 1252 2684 et
1283 2641 1342 2683 ab
1376 2640 1436 2684 ab
1468 2644 1505 2682 A
1542 2642 1589 2683 et
1620 2639 1678 2683 ab
1713 2644 1748 2681 G

181 2699 234 2738 13
268 2696 333 2741 sic
365 2695 438 2739 his
470 2697 683 2740 omnibus
714 2700 754 2756 ζ]
788 2698 860 2743 his
893 2699 960 2743 sic
985 2703 1063 2743 AB
1103 2700 1170 2744 sic
1203 2699 1418 2744 omnibus
1444 2703 1482 2743 Δ
1520 2699 1594 2742 his
1619 2699 1685 2742 sic
1709 2714 1803 2742 om-

118 2753 255 2797 nibus
281 2759 316 2796 G
452 2762 506 2799 lo
539 2757 712 2799 fuerint
738 2752 856 2802 locis
889 2761 928 2802 Δ
1068 2765 1122 2803 16
1155 2758 1359 2802 efficient
1391 2762 1478 2802 AG
1613 2763 1667 2801 22
1700 2773 1805 2814 par-

118 2811 266 2856 tiliter
297 2817 376 2855 AB
512 2820 566 2857 23
601 2818 649 2859 et
679 2830 761 2860 om.
796 2820 835 2860 Δ
974 2823 1031 2861 24
1061 2818 1310 2875 ydropicos
1343 2820 1426 2861 AB
1571 2822 1626 2860 26
1659 2817 1806 2874 signis

119 2878 217 2928 post
248 2872 408 2915 solidis
442 2877 480 2917 A
507 2881 615 2930 post
646 2880 728 2918 aut
758 2876 808 2919 in
837 2880 871 2918 B
994 2882 1047 2921 27
1082 2877 1356 2933 epilenticos
1389 2878 1516 2922 codd.
