2066 3192
257 114 329 168 48
956 112 1218 173 ‚FIRMICI

258 233 533 287 felicitatis
581 234 842 286 senserint
888 234 1183 302 commoda,
1231 237 1285 286 et
1330 252 1450 286 cum
1496 234 1781 304 magnifica
1819 233 1950 286 divi-

258 309 452 361 tiarum
497 307 697 360 fuerint
745 307 1022 360 affluentia
1060 307 1278 377 copiosi,
1324 311 1378 360 et
1415 307 1702 360 earundem
1742 307 1950 360 divitia-

258 401 375 434 rum
429 382 667 451 ceperint
716 382 938 451 fructuS,
989 400 1108 435 cum
1159 381 1301 434 bona
1349 382 1494 434 fama
1541 381 1789 451 longaevi
1839 399 1950 434 mo·

257 457 475 509 rientur.

95 545 293 586 sol-63r11
402 529 739 600 [Saturnus
779 530 841 581 in
881 529 1216 598 Piscibus]
1294 528 1609 599 Quicunque
1661 528 1949 582 Saturnum
1996 551 2016 584 5

168 604 238 656 56
257 604 314 656 in
359 603 603 657 Piscibus
649 604 959 672 habuerint,
1005 621 1177 672 neque
1222 607 1498 672 paternam
1545 621 1717 672 neque
1762 607 1951 656 mater-

178 727 182 730 .
256 697 380 731 nam
429 678 783 731 substantiam
837 678 1201 747 possidebunt,
1251 681 1304 731 et
1350 678 1599 731 omnibus
1637 677 1796 731 rebus
1834 697 1950 747 per-

259 752 383 805 ditis
437 752 568 804 nudi
621 753 1009 821 relinquuntur.
1093 750 1198 805 Sed
1252 754 1305 804 et
1359 752 1615 820 quicquid
1669 753 1724 803 in
1776 751 1952 821 prima

259 829 430 879 aetate
471 826 713 895 quolibet
749 845 941 896 genere
980 826 1328 895 possederint,
1368 827 1527 879 etiam
1567 825 1671 880 hoc
1703 843 1823 878 cum
1856 826 1950 878 mi-

259 919 376 953 sera
413 900 735 955 laceratione
775 901 1082 969 deperdunt.
1153 899 1256 953 Sed
1295 919 1393 969 per
1432 904 1598 953 semet
1629 901 1773 968 ipsos
1805 918 1950 971 mag-
1974 922 2017 955 10

257 993 356 1029 nos
404 978 554 1027 actus
602 977 820 1045 agentes
867 975 1155 1028 maximam
1203 978 1467 1043 quaerunt
1505 975 1837 1027 substantiae
1875 975 1950 1027 fa-

257 1051 524 1102 cultatem.
611 1048 901 1102 Habebunt
954 1049 1116 1101 etiam
1171 1050 1430 1102 maximas
1486 1049 1843 1119 aegritudines
1897 1052 1950 1101 et

256 1123 487 1176 maxima
534 1123 863 1191 discrimina,
910 1124 1222 1192 praesertim
1269 1142 1387 1176 cum
1436 1126 1682 1192 septenos
1728 1123 1814 1176 vel
1858 1141 1949 1175 no-

256 1215 420 1250 venos
460 1215 625 1250 annos
665 1198 1006 1266 intraverint,
1056 1197 1146 1267 <id
1185 1196 1301 1265 est>
1339 1197 1700 1250 ebdomaticos
1739 1197 1825 1250 vel
1864 1215 1950 1249 en-

255 1271 510 1339 neaticOS,
549 1275 602 1323 et
640 1272 999 1340 periculorum
1040 1271 1372 1325 continuatio
1413 1290 1581 1340 usque
1616 1271 1684 1323 ad
1713 1269 1949 1324 XXXIII
1974 1293 2016 1326 15

167 1346 235 1398 57
256 1364 423 1398 annos
463 1346 651 1398 aetatis
692 1346 1010 1399 extenditur.
1081 1344 1185 1398 Sed
1223 1347 1280 1398 in
1318 1345 1403 1399 his
1441 1345 1692 1415 periculis
1727 1363 1838 1398 non
1869 1364 1949 1398 so-

255 1420 368 1472 lum
408 1423 565 1472 erunt
605 1420 965 1490 aegritudines
975 1463 989 1489 ,
1038 1420 1130 1472 sed
1177 1423 1230 1473 et
1268 1437 1456 1473 causae
1496 1423 1550 1472 et
1587 1419 1949 1473 accusationes

257 1495 371 1547 sine
419 1511 578 1547 causa
623 1497 677 1546 et
724 1495 838 1547 sine
876 1495 1083 1547 ratione
1124 1497 1425 1563 conceptae,
1474 1498 1633 1546 erunt
1670 1493 1858 1555 turbae
1897 1497 1950 1546 et

258 1568 544 1621 seditiones
582 1569 890 1637 repentinae
936 1572 989 1622 et
1027 1569 1240 1622 assidua
1277 1569 1441 1621 animi
1483 1571 1750 1621 tormenta
1787 1570 1840 1620 et
1871 1568 1948 1621 in-

258 1646 469 1712 sperata
507 1642 562 1694 in
611 1644 763 1711 aquis
810 1644 1071 1712 pericula,
1121 1646 1173 1695 et
1221 1661 1340 1696 cum
1387 1642 1702 1695 mulieribus
1751 1642 1949 1695 dissen-
1973 1664 2016 1696 20

260 1717 447 1769 siones.
542 1715 646 1768 Sed
707 1735 806 1770 nec
865 1717 1158 1785 proderunt
1212 1718 1287 1769 eis
1343 1734 1701 1785 quascumque
1755 1734 1948 1769 uxores

255 1790 454 1860 primas
507 1790 705 1843 fuerint
756 1792 947 1844 sortiti.
1025 1791 1127 1844 Sed
1176 1810 1272 1845 nec
1317 1791 1554 1861 virgines
1602 1791 1656 1842 in
1702 1789 1948 1844 Piscibus

255 1865 463 1934 positus
505 1863 764 1917 Saturnus
805 1865 1040 1918 decernit
1078 1883 1284 1934 uxores,
1332 1868 1385 1917 et
1430 1882 1551 1917 cum
1598 1865 1655 1917 in
1701 1865 1947 1917 omnibus

257 1939 531 2009 geniturae
579 1939 883 1992 cardinibus
930 1940 1245 1992 circumiens
1270 1939 1475 2007 -fuerit,
1522 1939 1771 1991 maximis
1812 1938 1948 1990 djffi-

257 2013 546 2066 cultatibus
586 2013 710 2082 (et)
751 2014 998 2067 maximis
1038 2031 1127 2066 eos
1167 2013 1326 2065 faciet
1365 2011 1831 2065 contrarietati-bus
1870 2013 1947 2065 in·
1972 2033 2014 2066 2⁵

257 2087 461 2156 plicari,
503 2088 815 2156 praesertim
856 2088 911 2140 in
950 2088 1124 2156 primo
1166 2105 1352 2141 cursus
1394 2089 1478 2139 sui
1516 2087 1713 2139 circulo
1756 2086 1948 2139 consti-

170 2161 238 2213 58
257 2165 419 2213 tutus.
481 2159 584 2214 Sed
624 2162 878 2230 quamdiu
917 2161 1071 2215 XXX
1109 2180 1276 2214 annos
1317 2161 1644 2229 conpleverit
1683 2163 1736 2212 et
1775 2161 1949 2228 spatia

259 2235 519 2288 secundae
567 2237 754 2288 aetatis
801 2236 1094 2303 intraverit,
1142 2235 1347 2288 tamdiu
1388 2234 1647 2288 Saturnus
1687 2234 1947 2287 malorum

259 2309 493 2362 decernit
547 2308 895 2362 incommoda.
975 2309 1078 2362 Sed
1132 2328 1250 2362 cum
1307 2309 1371 2361 ad
1413 2309 1672 2361 Cancrum
1728 2308 1947 2376 venerit,

259 2387 384 2434 tunc
416 2387 657 2451 tempora
697 2385 805 2436 illis
843 2384 1065 2436 meliora
1105 2383 1351 2436 decernit.
1425 2382 1556 2435 Cum
1597 2400 1722 2434 vero
1755 2381 1810 2434 in
1843 2381 1947 2451 sig·
1971 2402 2014 2435 so

381 2505 401 2541 1
438 2499 632 2541 senserit
663 2502 702 2542 Δ
820 2504 844 2542 2
878 2499 1053 2543 fuerint
1085 2514 1167 2543 om.
1198 2501 1236 2542 Δ
1267 2499 1272 2555 Ι
1301 2498 1553 2542 earundem
1586 2496 1853 2541 divitiarum
1885 2498 1947 2555 Δ]

260 2571 417 2600 earum
453 2560 498 2600 Γ
614 2562 639 2601 5
674 2559 834 2602 lemma
865 2571 948 2602 om.
975 2561 1013 2601 Δ
1137 2562 1161 2600 6
1195 2557 1414 2600 habuerit
1445 2561 1526 2600 Ao
1650 2561 1673 2599 7
1707 2556 1877 2612 perditi
1909 2560 1948 2598 N

260 2620 316 2671 (et
347 2617 404 2658 D¹
421 2615 461 2671 .9)
555 2621 580 2658 8
607 2619 653 2660 et
677 2631 759 2661 om.
782 2619 828 2660 Γ
922 2622 975 2660 13
1003 2618 1178 2673 septem
1203 2615 1276 2660 vel
1302 2631 1406 2660 cum
1430 2629 1593 2659 novem
1618 2618 1657 2658 A
1761 2620 1815 2658 14
1839 2615 1945 2659 add.

260 2689 284 2717 σ
402 2681 454 2718 15
487 2675 630 2718 XLIII
661 2693 688 2719 κ
812 2680 865 2719 19
899 2678 947 2719 et
971 2678 1109 2732 prius
1140 2690 1223 2719 om.
1254 2677 1327 2731 ΓΙ
1355 2675 1540 2718 assidue
1572 2678 1694 2717 Boc
1815 2679 1868 2717 21
1903 2673 1947 2717 ei

263 2736 309 2777 Γ
425 2739 478 2776 22
512 2734 659 2790 primo
694 2738 732 2778 A
777 2738 783 2790 Ι
827 2735 1053 2778 Saturnus
1093 2735 1141 2777 in
1180 2734 1299 2777 Piso.
1324 2734 1504 2790 positus
1536 2736 1575 2776 A
1699 2737 1753 2775 25
1787 2733 1892 2776 add.
1918 2747 1946 2774 a

260 2795 347 2848 (ac)
377 2796 381 2848 Ι
410 2793 456 2835 111
488 2793 703 2851 maximis
741 2796 812 2848 ΓΙ
841 2807 917 2837 eos
949 2794 1006 2852 N]
1049 2794 1113 2837 eis
1138 2799 1173 2835 D
1207 2794 1305 2836 eius
1334 2795 1380 2837 Γ
1503 2797 1557 2836 26
1591 2806 1726 2835 cursu
1752 2791 1823 2835 sui
1860 2791 1945 2834 cir-

260 2851 353 2894 culi
383 2855 428 2895 Γ
545 2857 598 2894 27
635 2866 808 2895 3111111111
834 2855 872 2896 A
997 2858 1052 2896 28
1079 2852 1282 2895 secundo
1307 2855 1346 2895 A
1377 2854 1382 2908 Ι
1411 2851 1635 2894 Saturnus
1659 2851 1706 2908 v]
1731 2851 1945 2894 horosco-

260 2925 346 2966 pus
469 2915 523 2953 30
557 2910 740 2967 signum
772 2912 819 2969 a]
853 2911 984 2967 signo
1017 2911 1083 2968 (in
1115 2913 1196 2955 del.
1224 2915 1266 2965 σ)
