2078 3174
869 109 933 154 VI
963 115 1035 167 29,
1058 123 1197 155 6—18.
1781 114 1885 167 135

192 236 246 283 et
283 231 436 284 Luna
471 232 628 301 plena
666 231 870 283 feratur
908 231 974 282 ad
1011 229 1216 299 Iovem,
1256 232 1469 285 divitias
1507 233 1792 287 felicitates
1830 241 1886 287 et

191 323 428 359 summae
479 304 828 358 beatitudinis
882 306 1210 358 incrementa
1263 305 1566 359 decernunt.
1646 306 1704 360 Si
1758 326 1883 361 vero

189 378 314 432 Iove
353 381 410 432 in
448 380 745 447 horoscopo
786 379 1081 432 constituto
1129 378 1313 432 Venus
1361 380 1419 432 in
1464 397 1656 434 occasu
1701 382 1754 434 id
1802 387 1884 435 est

189 454 245 504 in
284 454 542 506 diametro
581 453 746 505 fuerit
786 453 1016 522 inventa,
1056 456 1110 506 et
1147 453 1338 506 fratres
1379 455 1644 524 denegant
1681 456 1883 524 pariter

142 549 161 580 5
188 531 241 579 et
278 527 433 580 filios
511 525 615 579 Sed
652 526 1005 580 nihilominus
1045 527 1352 580 divitiarum
1399 532 1453 581 et
1490 529 1766 582 felicitatis
1805 531 1882 582 in-

187 604 454 654 crementa
492 601 796 654 decernunt.

298 674 356 728 Si
388 674 647 728 Saturnus
687 675 745 727 in
782 676 1082 744 horoscopo
1123 675 1462 743 par<til>iter
1491 677 1654 729 fuerit
1687 679 1880 730 consti·
1900 679 1971 732 10

183 752 354 818 tutus,
393 753 447 802 et
483 749 710 802 Martem
750 749 945 802 habeat
984 750 1040 800 in
1080 767 1271 802 occasu
1310 750 1366 802 id
1405 754 1486 803 est
1524 751 1581 803 in
1621 750 1878 804 diametro

181 823 448 891 partiliter
485 824 839 876 constitutum
879 826 972 875 aut
1006 823 1062 874 in
1094 821 1234 876 IMG.
1274 823 1456 892 partili
1497 825 1601 876 sibi
1633 828 1687 877 et
1716 826 1879 879 horae

112 919 158 952 ,ιο
183 898 434 951 societate
481 899 842 967 coniunctum,
893 901 947 950 et
991 897 1145 950 Luna
1190 901 1283 950 aut
1330 900 1488 966 plena
1535 899 1603 950 ad
1648 898 1878 954 Martem

180 975 273 1024 aut
311 972 517 1024 minuta
554 972 622 1024 ad
661 970 953 1024 Saturnum
983 971 1202 1039 feratur,
1240 973 1345 1024 ista
1375 973 1682 1026 coniunctio
1715 992 1877 1045 grave

180 1064 242 1099 ac
279 1047 533 1098 miserum
571 1047 762 1098 mortis
803 1046 1038 1098 decernit
1077 1046 1317 1099 exitium.
1394 1045 1507 1099 Aut
1553 1047 1694 1100 enim
1745 1049 1877 1100 fera-

177 1138 296 1172 rum
335 1138 518 1173 morsu
557 1121 863 1188 consumpti
901 1122 1049 1173 artus
1085 1120 1293 1173 miseris
1324 1119 1740 1174 lacerationibus
1773 1123 1875 1176 dis-

179 1195 437 1263 sipantur,
477 1198 568 1247 aut
605 1194 806 1248 facient
844 1213 939 1263 per
973 1194 1287 1263 praecipitia
1318 1195 1517 1263 iactari,
1556 1198 1649 1248 aut
1682 1214 1873 1266 corpus

111 1287 155 1321 15
178 1268 482 1321 cadentium
521 1268 815 1321 culminum
853 1269 1023 1321 ruinis
1063 1269 1407 1337 opprimitur,
1453 1272 1546 1322 aut
1592 1273 1734 1322 certe
1781 1272 1875 1339 qui

177 1344 253 1395 sic
293 1342 585 1395 Saturnum
631 1342 880 1395 habuerit
918 1346 972 1395 et
1009 1342 1261 1408 Martem,
1309 1343 1529 1396 acerbae
1577 1344 1872 1398 destinatus

172 1417 292 1470 neci
339 1418 571 1470 cruentis
616 1419 890 1470 latronum
934 1416 1164 1469 traditur
1209 1417 1458 1469 manibus
1466 1460 1480 1486 ,
1528 1423 1621 1470 aut
1666 1419 1871 1472 acerbis

173 1491 584 1559 tempestatibus
623 1492 827 1559 †quasi
866 1490 1173 1543 submersus
1212 1491 1454 1544 inaudito
1503 1509 1693 1561 genere
1733 1511 1869 1546 mor-

172 1566 244 1617 tis
283 1565 620 1635 opprimitur.
699 1563 805 1617 Sed
847 1583 946 1634 pro
996 1566 1273 1636 signorum
1320 1583 1513 1636 genere
1560 1566 1749 1619 mortis
1792 1568 1870 1620 in·
1891 1567 1954 1619 11

104 1660 147 1694 80
172 1639 413 1692 venietur
443 1643 679 1692 eventus.
732 1638 812 1704 vIn
841 1639 1028 1692 ferinis
1061 1639 1202 1691 enim
1235 1642 1289 1691 et
1319 1641 1376 1691 in
1409 1641 1711 1710 agrestibus
1745 1659 1868 1695 con-

171 1713 348 1766 stituti
395 1714 587 1784 signis,
637 1714 704 1765 ad
741 1731 923 1766 necem
963 1716 1307 1783 praeparatos
1346 1714 1578 1766 ferarum
1619 1715 1868 1769 adferunt

170 1806 392 1841 morsus.
470 1786 535 1840 In
580 1788 764 1853 solidis
815 1806 940 1841 vero
989 1788 1157 1858 signis
1205 1788 1508 1856 constituti,
1554 1790 1865 1843 nutantium

168 1862 504 1930 tecto<rum>
535 1862 769 1915 culmina
799 1861 1103 1932 inpingunt.
1164 1860 1229 1914 In
1260 1863 1476 1930 aquosis
1508 1862 1676 1932 signis
1707 1863 1865 1932 <con-

170 1936 397 2006 stituti),
436 1940 529 1989 aut
559 1937 615 1988 in
647 1954 828 2006 pugna
857 1936 1066 1988 faciunt
1096 1936 1329 2004 interire,
1369 1939 1462 1988 aut
1492 1937 1738 2006 iugulum
1778 1956 1862 1990 eo-

100 2033 142 2074 2⁵
169 2029 287 2063 rum
328 2028 514 2063 saevus
552 2010 822 2062 latronum
861 2028 1046 2062 mucro
1078 2010 1433 2079 persequitur,
1472 2012 1566 2063 aut
1597 2014 1739 2063 certe
1769 2030 1861 2080 po-

169 2087 358 2137 testate
397 2084 577 2153 aliqua
615 2084 1069 2137 animadvertente
1107 2084 1426 2152 plectuntur.
1506 2082 1859 2139 Omnifariam
1883 2085 1951 2137 12

167 2159 304 2210 enim
334 2157 564 2210 Saturno
596 2159 654 2210 in
683 2158 986 2226 horoscopo
1019 2158 1313 2210 constituto
1347 2157 1392 2210 si
1417 2158 1474 2209 in
1499 2175 1690 2211 occasu
1714 2158 1860 2214 Mars

284 2324 310 2361 4
343 2319 521 2374 pariter
551 2319 591 2376 ζ]
627 2320 810 2374 patrem
841 2323 943 2360 ΝΠ
1096 2323 1119 2362 ’1
1153 2319 1259 2363 add.
1293 2320 1318 2371 ζ
1466 2322 1491 2362 9
1523 2318 1760 2374 partiliter
1783 2320 1857 2377 W]

163 2378 339 2434 pariter
368 2382 407 2420 N
465 2380 470 2434 Ι
527 2377 576 2421 in
607 2376 728 2421 IMC.
760 2379 802 2436 ζ]
835 2377 1038 2421 inimicis
1069 2382 1108 2420 N
1150 2377 1346 2421 immitis
1378 2382 1432 2419 W
1489 2380 1495 2433 Ι
1551 2377 1737 2434 partilis
1771 2413 1780 2422 .
1809 2413 1816 2421 .
1846 2413 1855 2422 .

164 2437 402 2481 ocietatis
433 2441 535 2479 ΠΨ
566 2451 679 2482 corr.
713 2438 736 2490 ζ
857 2442 909 2480 16
944 2437 1010 2480 sic
1043 2451 1127 2481 om.
1150 2441 1190 2479 N
1239 2438 1244 2493 Ι
1294 2436 1546 2481 habuerint
1568 2441 1607 2479 N
1616 2441 1671 2479 W
1720 2440 1726 2494 Ι
1778 2438 1855 2481 de-

163 2497 388 2541 .·tinatum
419 2501 474 2538 W
656 2500 709 2539 18
743 2495 1034 2555 <pi-ocellis>
1073 2496 1526 2552 tempestatibusque
1567 2495 1714 2539 subm.
1749 2498 1773 2548 ζ
1801 2499 1853 2541 cl.

162 2560 262 2610 101,
287 2568 331 2598 24
377 2556 544 2612 (possis
589 2561 629 2600 et
676 2555 966 2623 (fluctibus)
1013 2557 1067 2600 cl.
1099 2556 1154 2600 de
1184 2570 1268 2600 err.
1301 2559 1375 2610 21,
1399 2558 1482 2611 22);
1528 2561 1666 2612 yenet.
1715 2556 1851 2601 ident.

160 2616 212 2658 in
255 2615 390 2671 quasi
431 2617 573 2659 inesse
613 2616 875 2671 suspicatur
906 2632 933 2658 κ
1085 2619 1140 2657 20
1173 2614 1334 2658 ferinis
1368 2615 1440 2671 W]
1487 2613 1664 2657 feribus
1695 2618 1734 2656 N

161 2679 214 2716 21
248 2675 540 2730 praeparatis
570 2676 638 2718 vel
669 2673 886 2717 auferunt
918 2687 943 2716 σ
1065 2678 1121 2717 23
1154 2674 1221 2717 bis
1252 2674 1358 2718 add.
1385 2678 1410 2726 ζ
1527 2678 1581 2715 ⁶35
1615 2686 1776 2716 saevus
1810 2675 1850 2731 ζ]

161 2747 315 2776 servus
340 2737 443 2775 Nw
506 2735 513 2790 Ι
577 2733 874 2789 prosequitur
904 2737 959 2774 W
1110 2738 1165 2776 26
1198 2732 1420 2789 plectitur
1450 2737 1504 2774 W
1569 2735 1574 2788 1
1640 2731 1849 2776 Omnifa-

158 2792 277 2835 riam
310 2793 354 2850 σ]
389 2791 458 2835 Ob
490 2791 722 2835 nefarium
858 2796 911 2835 27
947 2790 1147 2835 Saturno
1175 2828 1182 2835 .
1213 2827 1219 2834 .
1249 2828 1257 2837 .
1284 2792 1537 2835 constituto
1570 2790 1610 2834 si
1641 2792 1682 2848 ζ]
1716 2806 1847 2835 -num

157 2854 279 2954 {ltubm
291 2854 358 2952 1pt
388 2855 491 2893 NW
548 2854 554 2908 Ι
611 2850 755 2909 Mars]
789 2866 808 2894 s
841 2853 893 2895 i‘n
922 2865 1014 2895 ras.
1048 2857 1087 2895 et
1109 2857 1271 2907 postea
1301 2852 1492 2895 alteram
1524 2865 1544 2893 s
1575 2857 1845 2906 expandam

187 2925 217 2954 a
251 2947 257 2954 .
