2084 3192
817 172 922 217 VIII
952 176 995 228 4,
1019 182 1136 216 1—5.
1706 170 1815 223 289

131 313 278 346 mum
310 294 445 348 illud
474 292 607 347 scire
639 293 891 347 debemus
924 291 1069 362 quod
1097 292 1202 344 hoc
1233 292 1465 361 spatium
1499 291 1644 360 quod
1678 291 1818 345 inter

130 368 316 422 ambos
356 372 436 421 est
475 365 739 434 GeminOS,
771 366 915 419 XVI.
947 369 1000 420 et
1030 363 1202 418 XVII.
1237 364 1583 418 Geminorum
1617 365 1818 418 habent

129 446 320 510 partes,
359 439 554 495 XVIII.
595 444 649 494 et
687 441 827 494 XIX.
861 444 915 494 et
951 439 1067 492 XX.
1097 440 1156 492 in
1194 439 1444 492 australis
1485 438 1691 492 Gemini
1735 457 1816 493 ca-

130 516 240 584 pite
273 518 614 580 collocantur,
647 515 702 567 in
733 516 868 567 facie
898 532 1024 567 vero
1054 512 1199 566 XXI.
1232 517 1286 566 et
1314 511 1485 565 XXII.
1519 517 1573 566 et
1603 512 1817 582 XXIII,

84 611 103 643 5
131 590 227 641 sub
274 594 456 643 ventre
502 607 627 642 vero
666 588 861 642 XXIV.
899 587 1066 642 XXV.
1106 590 1161 639 et
1197 586 1410 656 XXVI„
1460 588 1515 640 in
1554 587 1816 657 geniculis

129 668 306 716 autem
344 662 562 717 XXVII.
603 667 656 715 et
695 661 943 715 XXVIII.
983 665 1038 714 et
1075 660 1292 730 XXIX.,
1330 661 1388 713 in
1433 662 1662 731 pedibus
1702 661 1817 715 sola

240 811 463 864 Cancri
501 814 681 894 partes
720 811 978 864 hactenus
1019 809 1343 862 dividuntur.
1421 808 1462 862 I.
1502 813 1556 862 et
1593 808 1660 862 II.
1700 809 1868 879 par-4

126 889 205 938 tes
248 886 435 938 Cancri
473 889 598 938 sunt
638 886 693 937 in
733 885 910 955 capite
952 886 1258 952 collocatae,
1296 882 1392 936 III.
1433 887 1487 936 et
1524 883 1617 936 IV.
1658 830 1735 936 etp
1750 883 1814 936 V.

60 982 102 1014 ιο
127 960 184 1012 in
230 962 383 1029 00110,
429 961 487 1012 in
532 959 776 1012 faucibus
823 977 948 1012 vero
988 956 1080 1011 VI.
1128 962 1181 1010 et
1227 956 1363 1024 VII.,
1409 961 1518 1011 tres
1564 976 1691 1012 vero
1739 976 1815 1011 se-

126 1038 349 1102 quentes
394 1034 451 1086 in
497 1033 666 1086 oculis
714 1033 1028 1086 invenimus,
1106 1031 1212 1084 Hic
1256 1033 1452 1085 nebula
1497 1031 1687 1086 Cancri
1734 1035 1816 1085 est

125 1107 188 1159 de
230 1126 334 1176 qua
371 1107 674 1176 frequenter
713 1107 955 1160 diximus,
1017 1105 1108 1158 XI.
1149 1109 1202 1159 et
1239 1105 1358 1159 XII.
1399 1107 1455 1159 in
1494 1107 1668 1175 dorSO,
1706 1111 1815 1159 tres

126 1186 303 1234 autem
350 1185 629 1251 sequentes
669 1200 700 1233 a
740 1181 1017 1235 stomacho
1065 1198 1233 1249 usque
1283 1181 1351 1234 ad
1389 1182 1655 1250 pectinem
1694 1199 1815 1250 por-

124 1256 387 1326 riguntur,
432 1259 540 1308 tres
588 1259 872 1324 sequentes
920 1256 978 1308 in
1030 1255 1289 1308 ambobus
1339 1254 1529 1308 Cancri
1581 1255 1815 1308 brachiis

59 1352 99 1384 15
126 1329 439 1399 invenimus,
487 1334 690 1399 septem
738 1333 916 1383 autem
965 1335 1245 1397 sequentes
1287 1329 1345 1382 in
1384 1329 1585 1382 dextris
1626 1328 1814 1382 Cancri

124 1404 347 1472 pedibus
377 1406 724 1473 collocantur,
756 1402 949 1456 XXVI.
975 1407 1154 1456 autem
1179 1406 1231 1456 et
1254 1402 1475 1456 XXVII.
1500 1403 1558 1455 in
1582 1405 1814 1456 sinistris

125 1476 314 1531 Cancri
353 1481 478 1531 sunt
508 1479 748 1547 pedibus,
778 1479 835 1531 in
867 1478 1118 1531 extremis
1150 1496 1274 1530 vero
1308 1478 1533 1546 pedibus
1565 1476 1813 1530 XXVIII.

125 1555 178 1604 et
215 1551 404 1605 XXIX.
445 1557 584 1621 sunt,
623 1552 680 1605 in
719 1552 887 1606 cauda
925 1553 1040 1604 sola
1077 1551 1242 1604 XXX.

270 1625 501 1680 Leonis
541 1631 718 1696 partes
757 1627 1014 1680 hactenus
1047 1626 1372 1680 dividuntur.
1434 1625 1474 1678 I.
1508 1630 1561 1679 et
1600 1624 1666 1679 II.
1698 1623 1865 1694 par-5

57 1723 99 1754 20
124 1703 204 1752 tes
244 1700 297 1752 in
330 1701 525 1755 Leonis
566 1704 691 1753 sunt
730 1701 903 1770 capite
944 1703 1248 1770 collocatae,
1286 1703 1395 1753 tres
1436 1703 1718 1768 sequentes
1758 1699 1815 1752 in

125 1774 271 1827 omni
302 1775 435 1827 facie
466 1776 668 1845 pariter
698 1778 752 1827 et
782 1775 838 1827 in
869 1775 1104 1843 naribuS,
1137 1778 1246 1828 tres
1278 1775 1412 1827 aliae
1445 1777 1726 1843 sequentes
1757 1774 1815 1826 in

124 1866 214 1901 ore
254 1852 377 1901 sunt
415 1849 609 1902 Leonis
656 1850 878 1919 positae,
933 1849 990 1901 in
1035 1849 1194 1902 corde
1238 1867 1364 1902 vero
1412 1849 1652 1912 totidem,
1702 1852 1813 1901 tres

123 1923 180 1974 in
202 1922 455 1992 humeriS,
486 1926 592 1976 tres
618 1924 674 1976 in
697 1923 937 1992 pedibuS,
968 1923 1101 1976 duae
1126 1926 1406 1991 sequentes
1431 1923 1489 1975 in
1513 1923 1784 1991 (ventre),
1801 1933 1997 1978 sol-102⁰!

122 1995 238 2048 XX.
276 2015 400 2050 vero
438 2001 616 2066 partes
655 2002 709 2049 et
738 1997 881 2049 XXI.
913 2000 965 2051 et
996 1996 1164 2050 XXII.
1204 1998 1503 2050 invenimus
1543 1997 1599 2049 in
1639 1997 1813 2064 dorso,

245 2132 267 2169 1
302 2128 426 2183 quod
449 2130 588 2185 prius
615 2129 677 2186 Γ]
712 2128 825 2184 quia
855 2133 894 2171 N
1016 2133 1040 2171 2
1074 2127 1201 2171 XVII
1229 2141 1308 2172 eas
1331 2133 1370 2170 N
1402 2127 1564 2171 XVII
1554 2143 1602 2170 1n
1629 2141 1707 2171 eas
1731 2133 1767 2170 1)
1803 2128 1806 2186 l

122 2186 297 2230 habeat
331 2189 376 2230 Γ
502 2191 526 2230 3
558 2201 667 2244 pars
699 2192 736 2230 A
870 2192 895 2230 2
927 2187 1105 2231 habent
1134 2189 1292 2243 partes
1324 2186 1624 2230 Geminorum
1656 2187 1813 2246 <quae

123 2247 233 2288 sunt
263 2248 505 2302 vergentes
537 2246 659 2290 inter
690 2249 913 2302 austrum,
946 2260 1066 2302 quae
1098 2248 1207 2289 sunt
1238 2246 1360 2291 inter
1392 2246 1553 2290 ambos
1579 2245 1811 2291 Geminos.

125 2304 250 2362 Sed>
278 2306 317 2347 Δ
439 2309 464 2348 3
498 2306 645 2349 XVIII
668 2306 774 2349 XIX
802 2308 890 2349 ΓΙ)
1022 2311 1050 2348 4
1083 2308 1130 2348 et
1161 2305 1309 2349 XXIII
1338 2307 1461 2350 solus
1490 2307 1591 2350 hab.
1620 2311 1654 2348 G
1685 2308 1811 2362 (etv)

185 2368 210 2406 5
242 2377 348 2407 vero
372 2366 509 2421 ADv]
541 2368 700 2408 autem
725 2369 806 2407 GN
847 2368 854 2416 Ι
904 2363 1052 2409 XXIV
1076 2364 1203 2407 XXV
1228 2365 1279 2423 G]
1315 2365 1462 2408 XXIV
1485 2379 1570 2409 om.
1596 2369 1632 2407 A
1664 2365 1812 2408 XXIII

123 2423 272 2466 XXIV
303 2422 430 2467 XXV
462 2426 501 2467 Δ
533 2425 774 2481 (exciditne
804 2423 952 2467 XXIII
984 2426 1032 2468 et
1062 2423 1211 2467 XXIV
1241 2423 1291 2467 in
1323 2424 1532 2468 cruribus
1571 2426 1638 2469 vel
1666 2426 1813 2469 simile

124 2482 275 2538 quid?
306 2484 344 2537 ζ)
495 2487 520 2526 6
561 2486 719 2526 autem
754 2485 800 2526 Γ
864 2497 968 2526 vero
1001 2486 1040 2527 Δ
1100 2484 1106 2541 Ι
1163 2483 1334 2527 XXVII
1363 2483 1555 2527 XXVIII
1587 2485 1635 2527 et
1666 2483 1812 2527 XXIX

124 2544 211 2585 AG
257 2540 426 2583 XXVII
458 2544 506 2585 et
536 2541 728 2586 XXVIII
758 2542 798 2585 X
865 2541 905 2584 X
936 2546 973 2585 A
1123 2547 1150 2585 8
1188 2545 1345 2599 partes
1376 2558 1456 2588 sec.
1492 2544 1545 2601 G]
1586 2557 1693 2599 pars

125 2605 150 2644 9
191 2600 354 2644 Cancri
395 2615 478 2644 om.
510 2605 550 2643 R
599 2601 629 2703 L
670 2602 778 2644 sunt
815 2615 900 2646 om.
933 2604 972 2645 Δ
1032 2603 1037 2658 Ι
1095 2601 1384 2647 collocantur
1415 2606 1453 2646 Δ
1513 2605 1519 2658 Ι
1581 2602 1644 2645 III
1675 2602 1738 2644 IV
1770 2605 1809 2646 A

186 2665 239 2703 12
281 2659 493 2703 diximus.
527 2659 597 2703 Ne
632 2659 713 2703 ula
744 2660 909 2704 Cancri
940 2660 1045 2704 VIII
1074 2661 1137 2705 IX
1168 2661 1209 2704 X
1241 2664 1280 2704 A
1322 2661 1428 2717 (Hic
1466 2661 1572 2705 neb.
1607 2688 1660 2693 ——
1695 2661 1813 2704 dixi-

123 2733 227 2762 mus
273 2719 485 2763 videntur
530 2734 559 2762 a
608 2719 809 2763 Firmico
856 2721 1009 2764 aliena
1053 2735 1142 2765 esse
1185 2723 1225 2776 σ)
1379 2726 1431 2764 13
1472 2721 1635 2776 pectus
1667 2734 1693 2763 6

127 2782 179 2821 17
214 2779 323 2821 sunt
355 2777 519 2822 Cancri
547 2780 586 2821 A
711 2783 766 2821 22
798 2778 965 2823 Leonis
996 2786 1101 2824 ante
1132 2782 1377 2834 sequentes
1405 2794 1511 2834 pon.
1539 2782 1578 2822 A
1638 2782 1644 2835 Ι
1701 2779 1812 2823 toti-

125 2836 230 2879 dem
263 2839 379 2890 tres,
426 2838 519 2880 tres
551 2842 624 2879 Dv
786 2842 841 2881 23
880 2840 974 2881 tres
1006 2839 1074 2895 (id
1104 2844 1168 2883 est
1197 2839 1276 2895 III)
1309 2839 1349 2896 ζ]
1397 2838 1460 2881 VI
1492 2839 1616 2883 codd.
1652 2839 1719 2894 (id
1749 2845 1813 2883 est

123 2895 204 2951 ΠΙ)
261 2897 268 2952 Ι
323 2895 373 2939 in
406 2901 500 2941 tert.
533 2910 615 2940 om.
649 2899 689 2940 A
748 2898 755 2953 Ι
812 2898 917 2941 add.
951 2913 992 2951 0,
1023 2904 1140 2954 spat.
1172 2913 1266 2942 vac.
1298 2898 1398 2942 hab.
1437 2900 1484 2941 Γ
1618 2902 1673 2941 24
1706 2913 1811 2954 par-

123 2969 214 3027 tes]
246 2985 277 3025 p
304 2974 338 3011 G
368 2984 474 3026 pars
499 2971 538 3012 A
573 2983 656 3013 om.
681 2974 719 3012 A
776 2973 781 3025 Ι
840 2973 887 3014 et
918 2977 1023 3015 ante
1053 2971 1171 3014 XXI.
1204 2985 1288 3016 om.
1313 2974 1353 3014 A

214 3051 423 3093 Emmaus,
446 3052 529 3083 edd.
547 3052 705 3093 Kroll,
731 3052 940 3085 Skutsch
964 3057 999 3084 et
1024 3054 1227 3094 Ziegler.
1255 3054 1307 3085 11.
1491 3050 1544 3089 19
