2078 3174
140 540 213 595 22

232 125 337 177 146
949 123 1183 169 FIRMICI

229 246 459 314 quirant,
505 248 558 298 et
605 262 740 314 quos
786 263 980 298 uxores
1026 244 1134 298 fido
1183 244 1413 315 diligant
1459 263 1667 314 semper
1712 246 1921 314 affectu,

228 323 282 372 et
333 320 464 372 facit
515 319 763 372 omnibus
818 318 1002 371 amicis
1055 318 1275 371 amabili
1322 319 1542 373 caritate
1589 320 1920 373 coniunctos

227 391 333 446 Sed
371 394 504 446 haec
539 393 736 445 fortius
775 394 1159 461 convalescent,
1198 393 1243 444 si
1281 411 1448 445 unum
1489 393 1552 445 de
1583 393 1794 446 duobus
1828 393 1921 446 tri·

228 468 422 537 gonica
457 466 700 536 Iuppiter
735 466 1032 519 radiatione
1069 467 1335 536 respiciat.

342 540 399 593 Si
438 541 571 593 hora
610 541 667 594 in
705 540 860 611 signo
901 539 1143 610 Virginis
1181 539 1345 593 fuerit
1382 541 1613 610 inventa,
1654 545 1708 594 et
1745 542 1800 593 in
1840 559 1920 593 ea·
1967 563 1987 596 5

231 615 351 668 dem
397 614 531 667 hora
569 613 713 667 Mars
759 618 814 667 et
849 614 1145 667 Mercurius
1184 618 1239 667 et
1276 613 1461 667 Venus
1507 616 1775 684 partiliter
1812 616 1921 667 fue-

191 745 195 747 ,
228 690 339 741 rint
383 688 656 758 collocati,
700 686 945 757 Iuppiter
989 707 1113 741 vero
1154 689 1211 741 in
1251 706 1440 741 occasu
1480 691 1771 742 collocatus
1809 689 1922 742 Pis-

144 1946 214 1999 23

230 763 372 814 cium
411 762 709 832 possederit
747 764 976 833 signum,
1016 766 1070 815 et
1105 762 1191 815 his
1231 763 1326 831 qui
1362 763 1418 815 in
1455 762 1757 832 horoscopo
1797 766 1923 816 sunt

230 837 415 905 partili
459 836 756 889 radiatione
802 837 1069 906 iungatur,
1118 836 1212 889 Sol
1249 854 1376 889 vero
1415 836 1473 890 in
1510 838 1729 889 anafora
1765 836 1922 890 horo-

229 911 378 979 scopi
423 910 479 963 id
518 914 598 964 est
642 911 701 963 in
744 910 909 963 Libra
956 910 1026 963 sit
1072 910 1397 963 constitutus
1407 952 1421 979 ‚
1475 914 1530 964 et
1573 911 1727 963 Luna
1770 911 1922 980 quin-
1949 932 1990 964 xo

229 988 344 1037 tum
406 985 472 1037 ab
533 985 833 1053 horoscopo
895 984 1072 1037 locum
1137 985 1194 1036 in
1244 983 1567 1054 Capricorno
1631 985 1923 1038 constituta

228 1058 513 1127 possideat,
560 1057 819 1111 Saturnus
868 1076 994 1111 vero
1044 1059 1100 1110 in
1151 1077 1293 1111 nono
1344 1059 1409 1111 ab
1458 1059 1756 1128 horoscopo
1802 1060 1922 1112 loco

231 1133 439 1201 positus
486 1133 699 1203 signum
738 1132 902 1185 Tauri
947 1135 1149 1200 teneat,
1197 1133 1290 1201 qui
1338 1132 1416 1186 sic
1459 1132 1559 1185 hos
1606 1152 1790 1186 omnes
1834 1133 1922 1185 ha-

231 1206 410 1259 buerit
447 1206 571 1259 talis
612 1207 715 1259 erit
753 1210 950 1275 orator,
987 1209 1050 1258 ut
1087 1207 1144 1258 in
1184 1206 1399 1259 modum
1439 1206 1725 1260 fulminum
1759 1207 1923 1261 dicto·

229 1299 349 1333 rum
401 1281 514 1333 eius
554 1281 846 1334 sententiae
885 1281 1239 1350 proferantur,
1289 1283 1350 1332 ut
1394 1299 1492 1349 pro
1542 1281 1762 1335 arbitrio
1810 1282 1922 1334 eius
1949 1298 1989 1334 15

230 1354 595 1408 multitudinis
642 1355 808 1407 animi
847 1358 939 1407 aut
978 1355 1309 1423 quiescentes
1348 1355 1668 1423 excitentur,
1714 1358 1808 1408 aut
1847 1355 1922 1407 in-

231 1430 375 1482 censi
413 1428 570 1482 facile
608 1429 938 1499 mitigentur.
1016 1428 1168 1481 Talia
1214 1429 1375 1481 etiam
1419 1433 1575 1481 erunt
1615 1431 1726 1482 eius
1767 1430 1923 1497 dicta,

230 1507 292 1555 ut
329 1503 462 1556 haec
499 1503 565 1555 ad
605 1506 951 1574 augmentum
990 1506 1043 1555 et
1082 1503 1148 1555 ad
1185 1504 1575 1556 nutrimentum
1607 1503 1809 1574 ingenii
1840 1505 1923 1556 sui

230 1577 516 1646 posteritas
549 1577 884 1630 contentiosa
916 1577 1252 1630 animositate
1283 1577 1561 1646 perdiscat.
1633 1577 1777 1630 Talis
1810 1596 1923 1630 ora-

231 1655 318 1704 tor
370 1651 565 1720 †apud
617 1651 964 1703 Macedonem
1018 1650 1331 1720 Philippum
1384 1669 1495 1704 non
1547 1669 1816 1704 armorum
1869 1652 1923 1704 vi
1948 1672 1991 1704 20

233 1726 326 1778 sed
365 1724 621 1778 orationis
660 1725 878 1777 licentia
915 1726 1356 1794 persequebatur,
1396 1729 1451 1778 et
1489 1728 1550 1778 ut
1588 1725 1923 1778 manifestius

232 1799 579 1868 explicemus:
619 1800 748 1852 haec
784 1799 1029 1868 genitura
1061 1799 1300 1851 divinum
1332 1799 1724 1852 DEMOSTHENI
1761 1799 1924 1868 inspi-

231 1874 370 1926 ravit
407 1873 697 1943 ingenium.

345 1945 403 1999 Si
440 1947 497 1999 in
537 1944 826 2018 Sagittario
866 1947 924 1998 in
959 1946 1156 1999 finibus
1189 1946 1413 2000 Veneris
1453 1946 1598 1999 Mars
1637 1950 1692 2000 et
1721 1946 1923 2000 Mercu-

231 2020 343 2073 rius
391 2023 444 2073 et
490 2020 674 2073 Venus
722 2020 883 2073 simul
928 2020 1130 2073 fuerint
1175 2020 1444 2089 collocati,
1495 2025 1548 2074 et
1592 2020 1922 2091 horoscopus
1947 2041 1990 2074 25

232 2095 467 2147 eiusdem
513 2095 682 2163 partis
719 2095 1016 2164 possederit
1054 2095 1237 2165 finem,
1282 2094 1526 2164 Iuppiter
1563 2113 1690 2148 vero
1729 2095 1787 2147 in
1826 2094 1924 2148 Ge-

352 2275 374 2312 1
410 2269 616 2326 diligunt
647 2284 758 2314 corr.
785 2285 813 2312 a
847 2272 853 2325 Ι
893 2283 1074 2326 semper
1098 2269 1303 2326 diligunt
1326 2272 1366 2313 Δ
1489 2270 1587 2313 3si
1615 2270 1680 2328 Γ]
1716 2270 1797 2313 sed
1821 2273 1860 2313 Δ

234 2332 260 2370 5
293 2328 332 2371 si
364 2328 711 2385 horoscopus..
732 2328 985 2372 .inventus
1017 2332 1057 2372 Δ
1180 2334 1206 2373 8
1240 2330 1287 2372 et
1318 2329 1376 2387 Δ]
1412 2274 1514 2374 sed3
1521 2332 1568 2372 Γ
1683 2334 1707 2372 9
1740 2329 1922 2373 ratione

234 2390 273 2430 Δ
400 2392 454 2431 10
479 2388 679 2442 quinto.
729 2386 866 2431 ,1000
892 2402 1003 2432 corr.
1030 2405 1057 2431 κ
1091 2388 1155 2444 (111
1183 2387 1346 2443 quinto
1370 2390 1429 2444 Δ)
1554 2393 1606 2432 11
1632 2388 1681 2431 111
1705 2389 1753 2446 κ]
1777 2388 1827 2431 id
1852 2390 1923 2432 est

233 2446 281 2488 in
304 2451 343 2488 N
375 2446 425 2489 id
454 2448 525 2490 est
547 2451 583 2489 D
615 2461 697 2491 om.
728 2449 775 2490 Γ
818 2449 824 2502 Ι
875 2445 1153 2503 Capricorno
1185 2448 1243 2505 N]
1277 2446 1608 2503 Capricornum
1730 2452 1783 2490 12
1816 2461 1919 2503 pos-

235 2505 428 2559 sederit,
470 2505 718 2548 Saturnum
753 2506 1075 2561 ..positum
1107 2508 1146 2549 Δ
1207 2509 1212 2561 Ι
1270 2520 1375 2549 vero
1406 2521 1489 2550 om.
1516 2509 1556 2550 Δ
1614 2509 1620 2563 Ι
1677 2506 1922 2562 horoscopi

234 2567 273 2607 A
421 2569 474 2608 13
507 2565 590 2607 hos
622 2579 706 2608 om.
739 2566 826 2607 AG
971 2569 1024 2608 15
1058 2564 1155 2607 eius
1190 2565 1310 2623 GD2]
1344 2565 1467 2608 enim
1498 2565 1603 2608 ND¹
1647 2567 1694 2608 et
1723 2568 1803 2607 AB

237 2628 290 2666 16
324 2623 587 2667 excitantur
610 2626 649 2667 A
782 2627 835 2668 17
868 2622 986 2666 talia
1009 2624 1071 2681 A]
1105 2623 1199 2667 alia
1227 2627 1274 2668 Γ
1295 2628 1301 2679 Ι
1341 2624 1468 2667 dicta
1493 2625 1591 2667 eius
1615 2628 1653 2666 A
1774 2628 1829 2667 18
1861 2623 1922 2667 ad

234 2696 315 2726 sec
349 2697 431 2726 om.
466 2685 552 2725 AG
703 2687 756 2725 19
797 2682 1065 2738 praediscat
1096 2685 1135 2726 A
1289 2688 1344 2726 20
1385 2683 1531 2749 apud]
1570 2682 1822 2738 aliquando
1855 2686 1880 2734 ζ
1912 2683 1917 2740 Ι

234 2740 488 2784 Macedone
519 2746 558 2783 Ν
596 2741 868 2785 Macedonie
901 2747 993 2795 cet„
1024 2755 1136 2785 corr.
1162 2757 1191 2784 v
1248 2743 1253 2796 Ι
1310 2741 1580 2798 Philippum
1615 2742 1682 2800 Γ]
1713 2741 1921 2797 philoso-

233 2799 376 2854 phum
409 2803 448 2843 A
508 2803 514 2856 Ι
570 2814 663 2843 11011
695 2800 734 2858 ζ]
782 2799 967 2843 nomine
1024 2803 1030 2856 Ι
1088 2814 1320 2844 armorum
1356 2802 1423 2859 Γ]
1456 2815 1682 2844 annorum
1714 2803 1754 2843 A
1812 2802 1819 2856 Ι
1875 2800 1919 2842 vi

234 2860 280 2913 (i.
314 2873 346 2902 e.
383 2858 460 2915 VI)
493 2859 537 2917 σ]
570 2860 748 2914 septem
781 2861 864 2915 (vel
895 2859 995 2915 VII)
1139 2864 1192 2902 25
1227 2860 1276 2903 in
1307 2860 1562 2916 horoscopo
1595 2862 1635 2903 A
1780 2864 1835 2902 26
1867 2859 1921 2902 fi-

232 2931 313 2960 nes
347 2931 407 2960 κσ
