2100 3186
278 151 385 204 228
1011 152 1240 198 FIRMIGI

278 273 410 325 foris
462 276 553 326 aut
607 273 663 326 in
710 275 1047 342 epicataforis
1087 275 1410 326 constitutus
1419 315 1433 342 ,
1484 292 1665 328 servos
1713 274 1968 327 efficiunt.

279 346 481 410 Quodsi
512 347 595 398 his
628 347 704 399 sic
729 347 868 401 sicut
901 349 1132 401 diximus
1164 347 1440 400 collocatis
1473 347 1750 400 benivolas
1783 349 1967 401 stellae

279 420 707 474 coniunctionem
746 422 928 475 Lunae
979 422 1262 475 crescentis
1309 422 1631 491 acceperint,
1677 425 1769 474 aut
1815 422 1861 474 si
1911 421 1968 474 in

279 495 491 547 cardine
531 496 797 563 partiliter
834 497 1035 549 fuerint
1073 497 1339 563 inventae,
1378 499 1470 548 aut
1519 495 1577 548 in
1615 496 1968 565 epicataforiS,

277 569 390 621 nati
431 570 567 621 servi
606 569 870 623 libertatis
902 571 1139 640 praemia
1171 574 1576 639 consequentur,
1615 573 1707 621 aut
1740 570 1797 621 in
1833 570 1968 623 filio·
2014 591 2032 624 5

278 661 396 694 rum
435 644 554 696 loco
594 645 913 697 nutrientur.

193 717 261 771 10
391 715 447 768 Si
489 715 582 769 Sol
621 721 674 769 et
713 718 864 770 Luna
900 737 1011 771 non
1043 720 1150 770 sint
1181 718 1239 769 in
1271 717 1486 771 deiectis
1518 717 1668 787 lociS,
1709 716 1967 770 Saturnus

278 808 402 843 vero
445 794 536 843 aut
574 791 717 845 Mars
765 792 822 844 in
869 793 1080 845 cardine
1129 793 1199 844 sit
1239 791 1420 860 aliquo
1471 791 1737 860 partiliter
1776 791 1968 844 consti-

277 867 449 933 tutus,
497 865 633 917 alius
681 885 804 919 vero
853 885 917 918 ex
963 867 1093 934 ipsis
1142 868 1197 918 in
1244 865 1476 918 anaforis
1518 867 1588 917 sit
1628 869 1719 918 aut
1767 866 1824 917 in
1863 866 1969 934 epi·

277 938 526 991 cataforis
581 940 813 1009 posituS,
867 944 920 993 et
975 940 1154 994 Solem
1210 943 1262 992 et
1316 939 1522 992 Lunam
1570 939 1727 992 ambo
1783 939 1836 991 id
1889 943 2035 994 estio

277 1011 539 1066 Saturnus
581 1017 632 1066 et
672 1014 815 1066 Mars
849 1015 1088 1084 qualibet
1126 1014 1421 1067 radiatione
1459 1013 1763 1082 respiciant,
1805 1014 1968 1082 capti-

118 1099 408 1142 rol-93r1vos
448 1088 703 1140 efficiunt.
773 1088 1114 1150 Quodsi-hos
1155 1106 1339 1140 omnes
1380 1089 1455 1141 sic
1496 1087 1784 1141 collocatos
1824 1088 1968 1140 beni-

193 1161 257 1213 11
279 1162 401 1214 vola
455 1162 612 1214 stella
665 1165 756 1214 aut
811 1165 867 1216 in
914 1162 1218 1216 cardinibus
1264 1162 1442 1230 posita
1487 1165 1580 1215 aut
1633 1163 1690 1214 in
1735 1162 1967 1214 anaforis

277 1235 552 1288 cardinum
607 1236 867 1289 collocata
921 1254 1176 1306 prospera
1223 1236 1518 1289 radiatione
1573 1237 1845 1305 respiciat,
1903 1254 1968 1289 ex

277 1310 586 1378 captivitate
626 1329 882 1379 prospero
923 1311 1187 1380 praesidio
1227 1311 1534 1362 liberantur.
1614 1309 1815 1372 Quodsi
1852 1309 1967 1384 plu·
1994 1331 2035 1365 15

275 1402 359 1435 res
393 1383 668 1437 benivolas
709 1385 893 1438 stellae
933 1389 984 1437 et
1023 1385 1079 1436 in
1111 1385 1473 1452 superioribus
1505 1384 1637 1437 locis
1680 1383 1968 1437 collocatae

277 1458 705 1511 coniunctionem
743 1459 926 1511 Lunae
967 1459 1249 1512 crescentis
1290 1459 1621 1528 exceperint,
1663 1459 1850 1510 ceteris
1891 1458 1968 1511 sic

275 1536 337 1583 ut
378 1532 605 1584 diximus
646 1534 978 1601 constitutiS,
1030 1534 1096 1585 ad
1135 1534 1250 1601 ipsa
1291 1534 1620 1602 captivitatis
1661 1532 1968 1585 discrimina

276 1606 548 1658 venientes
588 1607 973 1660 liberabuntur.

345 1753 460 1806 vn.
502 1754 623 1823 [DE
665 1753 955 1807 FERINIS
995 1755 1088 1806 ET
1129 1755 1226 1806 DE
1269 1753 1891 1816 QUADRUPEDIBUS
1993 1776 2034 1807 20

902 1827 1337 1897 GENITURIS]

230 1934 255 1983 1
390 1930 446 1983 Si
493 1932 645 1983 Luna
692 1933 748 1984 in
795 1933 1052 1984 contortis
1107 1932 1192 1984 vel
1248 1933 1303 1983 in
1356 1931 1541 1985 ferinis
1591 1933 1756 2002 signis
1807 1932 1969 1984 fuerit

277 2006 507 2070 inventa,
548 2006 602 2058 id
635 2010 713 2059 est
754 2007 809 2057 in
842 2006 1018 2058 Tauro
1051 2007 1214 2075 (aut)
1255 2007 1311 2057 in
1351 2005 1553 2058 Cancro
1594 2010 1688 2058 aut
1728 2007 1782 2057 in
1816 2004 1968 2058 Scor-

276 2081 436 2148 pione
476 2083 566 2131 aut
606 2082 662 2132 in
702 2080 1026 2149 Capricorno
1067 2084 1158 2132 aut
1200 2082 1254 2132 in
1285 2079 1543 2149 Piscibus,
1582 2098 1680 2132 nec
1720 2080 1966 2132 dominus

276 2154 444 2222 ipsius
493 2155 633 2224 signi
680 2153 736 2206 in
784 2173 889 2222 quo
937 2155 1088 2206 Luna
1141 2154 1303 2206 fuerit
1358 2156 1594 2220 inventa,
1650 2172 1770 2206 cum
1818 2153 1968 2206 Luna
1993 2176 2033 2208 25

278 2228 348 2279 sit
389 2229 572 2295 partili
622 2229 873 2280 societate
924 2230 1260 2295 coniunctuS,
1308 2232 1360 2279 et
1411 2228 1515 2279 alia
1554 2246 1667 2280 eam
1715 2227 1967 2281 malivola

278 2304 433 2353 stella
473 2305 563 2353 aut
612 2303 869 2354 diametra
916 2307 1008 2354 aut
1057 2302 1314 2370 quadrata
1360 2302 1656 2355 radiatione
1705 2303 1967 2370 respiciat,

401 2423 420 2459 1
458 2418 736 2460 constitutus
768 2419 851 2462 del.
887 2431 910 2461 6
1061 2423 1084 2461 2
1127 2418 1192 2461 sic
1224 2432 1307 2462 om.
1341 2422 1425 2459 AN
1577 2422 1600 2460 3
1639 2418 1886 2461 crescentis
1919 2418 1965 2476 a]

279 2477 504 2519 currentis
539 2477 664 2520 codd.
700 2477 998 2531 (occurrentis
1030 2479 1083 2529 A)
1142 2480 1147 2534 1
1206 2476 1472 2533 exceperint
1503 2480 1527 2528 ζ
1663 2482 1690 2519 4
1721 2476 1864 2520 fuerit
1894 2477 1966 2519 in-

279 2539 415 2578 venta
449 2539 486 2578 A
611 2541 635 2578 5
669 2538 1014 2590 consequuntur
1046 2538 1091 2579 Γ
1209 2541 1230 2579 7
1266 2536 1313 2579 in
1347 2535 1540 2579 deiectis
1573 2549 1664 2579 non
1697 2536 1790 2578 sint
1822 2538 1907 2579 AG

280 2599 304 2636 8
340 2593 433 2636 sint
466 2630 474 2637 .
502 2628 511 2637 .
541 2627 549 2637 .
585 2594 800 2638 collocati
828 2597 867 2638 Δ
992 2599 1046 2638 10
1079 2596 1141 2638 sit
1171 2594 1349 2651 positus
1381 2599 1466 2637 AN
1589 2600 1639 2638 11
1674 2595 1855 2638 ratione
1887 2598 1966 2637 AB

342 2658 394 2695 13
429 2653 622 2697 anafora
654 2658 731 2695 AB
865 2659 917 2696 16
952 2654 1115 2698 stellae
1147 2668 1230 2698 om.
1265 2657 1303 2697 Δ
1363 2657 1368 2709 Ι
1427 2656 1474 2696 et
1505 2655 1587 2697 del.
1621 2671 1647 2696 κ
1771 2658 1823 2696 17
1858 2667 1967 2697 con-

281 2711 533 2755 iunctionis
567 2717 643 2754 BG
781 2718 834 2756 19
868 2714 1095 2756 venientis
1129 2717 1206 2755 AB
1344 2717 1400 2756 ‘30
1434 2713 1491 2755 de
1521 2727 1602 2756 sec.
1637 2727 1719 2756 om.
1746 2716 1778 2754 B
1836 2715 1841 2767 Ι
1901 2712 1967 2755 De

281 2771 660 2826 quadrupedibus
694 2772 920 2828 genituris
955 2774 1000 2815 et
1030 2772 1260 2827 portentis
1292 2778 1326 2814 D
1375 2772 1441 2814 De
1474 2771 1775 2815 monstruosis
1807 2772 1966 2828 figuris

279 2834 317 2870 N
469 2836 522 2873 22
566 2831 711 2886 signis
742 2831 816 2874 vel
847 2831 895 2873 in
927 2831 1086 2874 ferinis
1119 2834 1159 2874 Δ
1314 2836 1368 2873 23
1402 2831 1507 2875 add.
1542 2834 1565 2882 ζ
1613 2833 1618 2886 Ι
1669 2833 1750 2873 aut
1781 2837 1887 2874 ante
1919 2830 1967 2872 in

281 2887 433 2944 Scorp.
468 2891 504 2947 ζ]
541 2892 587 2933 et
615 2892 660 2932 Γ
685 2886 767 2933 o'm.
802 2893 841 2933 A
995 2895 1048 2932 26
1082 2890 1204 2947 eam]
1239 2890 1381 2933 etiam
1415 2893 1493 2931 AB
1647 2894 1698 2931 27
1735 2890 1790 2932 de
1824 2889 1965 2932 diam.

280 2950 362 2990 aut
395 2948 451 2990 de
484 2949 645 3003 quadr.
679 2949 775 2992 rad.
810 2949 1062 3004 respiciant
1094 2952 1132 2991 A
