2084 3192
780 113 864 158 VH
898 119 967 169 19,
991 118 1145 167 5—-20‚
1171 127 1203 158 6.
1727 113 1834 164 251

145 253 270 287 vero
317 238 540 303 uterque
595 235 649 286 id
695 238 775 287 est
821 234 963 287 Mars
1019 237 1072 287 et
1119 234 1381 288 Saturnus
1438 234 1492 286 in
1532 231 1678 286 VIII.
1727 234 1835 286 sint

146 309 213 361 ab
253 308 551 377 horoscopo
583 308 702 361 loco
736 308 1029 376 constituti,
1061 312 1115 360 et
1145 308 1254 361 sint
1285 307 1600 377 retrogradi,
1630 307 1835 360 Lunam

145 400 271 435 vero
311 383 374 435 de
414 383 671 451 quadrato
710 382 1013 451 respiciant,
1053 381 1252 436 debiles
1295 382 1500 435 faciunt
1545 383 1745 450 pariter
1784 385 1837 434 et

145 474 341 509 caecos,
419 454 621 519 Quodsi
675 457 739 509 de
787 457 972 509 dextro
1018 455 1184 508 latere
1229 456 1436 509 Lunam
1490 456 1835 524 respexerint,

99 552 119 584 5
146 530 387 583 dextrum
414 530 626 583 oculum
659 533 958 599 excaecant,
990 533 1042 583 et
1075 530 1289 583 dextras
1321 529 1604 583 debilitant
1634 533 1836 599 partes;

145 604 190 656 si
244 623 369 657 vero
425 604 488 657 de
543 605 784 673 sinistro,
838 603 941 657 hoc
995 603 1136 657 idem
1189 606 1246 657 in
1300 603 1532 657 sinistris
1594 604 1835 673 corporis

141 680 382 747 partibus
430 678 648 731 faciunt.
728 678 785 731 Si
831 680 972 731 inter
1011 677 1189 731 Solem
1237 681 1291 731 et
1328 678 1536 730 Lunam
1585 677 1890 731 malivola4

142 753 296 805 stella
336 752 510 805 media
548 752 710 805 fuerit
748 755 966 806 inventa
1004 755 1098 804 aut
1137 754 1192 805 in
1234 752 1436 822 synodo
1469 755 1562 805 aut
1600 756 1742 804 certe
1781 752 1838 804 in

141 827 326 879 eodem
367 827 538 898 signO,
586 831 678 880 aut
724 827 781 880 in
833 827 1053 879 diversis
1094 827 1224 879 locis
1265 827 1572 880 constitutis
1613 825 1736 878 Sole
1783 829 1837 878 et

76 921 119 953 ιο
142 900 294 953 Luna
339 901 395 952 in
442 901 616 953 medio
664 901 855 954 horum
902 900 1180 971 signorum
1227 901 1478 954 malivola
1525 900 1595 952 sit
1645 899 1836 970 posita,

142 977 368 1027 caecitas
408 974 576 1027 oculis
615 975 857 1028 infertur.
936 973 992 1027 Si
1033 993 1158 1027 vero
1198 975 1296 1027 hos
1337 975 1412 1028 sic
1451 975 1657 1043 positos
1691 974 1835 1026 beni-

140 1051 263 1101 vola
317 1049 473 1102 stella
526 1067 780 1118 prospera
832 1049 1127 1102 radiatione
1174 1050 1491 1118 respexerit,
1544 1049 1702 1101 huius
1758 1049 1835 1100 in-

140 1122 365 1176 fortunii
420 1123 726 1176 discrimina
779 1123 1109 1193 mitigantur.
1204 1122 1309 1176 Sed
1364 1123 1668 1193 specialiter
1722 1123 1835 1191 qui-

141 1214 368 1266 cumque
405 1196 613 1250 Lunam
660 1201 752 1250 aut
798 1199 854 1250 in
891 1196 982 1250 III.
1022 1201 1172 1266 parte
1218 1197 1503 1250 habuerint
1543 1195 1835 1267 Sagittarii,

75 1292 115 1324 15
141 1274 234 1323 aut
280 1272 336 1323 in
381 1270 524 1324 XVI.
565 1271 781 1340 Leonis,
836 1275 928 1324 aut
975 1272 1031 1324 in
1077 1270 1219 1324 XIV.
1263 1271 1476 1340 Cancri,
1529 1275 1624 1323 aut
1674 1271 1726 1323 in
1770 1270 1834 1323 V.

141 1345 316 1409 Tauri,
379 1345 578 1398 debiles
635 1347 954 1399 efficiuntur
1047 1345 1104 1398 Si
1158 1345 1304 1398 Mars
1359 1347 1414 1398 in
1470 1344 1587 1398 VII.
1643 1345 1715 1397 sit
1768 1345 1833 1397 ab
1853 1345 1887 1397 5

139 1418 441 1489 horoscopo
481 1419 600 1473 loco
642 1421 982 1488 constitutus,
1021 1425 1074 1473 et
1112 1419 1264 1472 Luna
1302 1421 1359 1473 in
1400 1418 1558 1483 VIII„
1599 1423 1838 1487 amputa·

140 1494 287 1546 bitur
332 1494 418 1547 vel
465 1495 847 1563 confrangetur
899 1513 1021 1563 pars
1068 1512 1332 1564 corpor1S,
1386 1512 1485 1564 pro
1533 1494 1648 1546 eius
1695 1493 1836 1564 signi

138 1572 344 1637 natura,
381 1570 438 1621 in
480 1586 584 1638 quo
626 1568 769 1621 Mars
808 1569 973 1621 fuerit
1012 1569 1274 1621 inventus,
1354 1567 1410 1620 Si
1442 1568 1594 1621 Luna
1632 1570 1689 1620 in
1728 1571 1835 1620 tro-

73 1664 116 1696 20
140 1642 274 1726 picis
315 1643 482 1712 signis
523 1643 739 1695 inventa
777 1643 955 1711 fuerit,
995 1642 1050 1694 id
1089 1645 1169 1695 est
1208 1644 1264 1695 in
1304 1642 1486 1695 Ariete
1533 1642 1590 1694 in
1632 1640 1833 1694 Cancro

139 1716 195 1770 in
243 1717 406 1769 Libra
452 1719 504 1769 et
551 1717 606 1768 in
658 1715 1006 1786 Capricorno,
1045 1716 1189 1769 Mars
1239 1735 1361 1769 vero
1409 1735 1524 1768 eam
1577 1715 1836 1785 quadrata

138 1791 434 1843 radiatione
474 1791 737 1859 respiciat,
777 1794 870 1843 aut
908 1791 1097 1860 pedem
1131 1784 1435 1859 amputabit
1473 1793 1568 1843 aut
1601 1808 1833 1842 manum.

140 1863 342 1926 Quodsi
382 1866 458 1918 sic
505 1865 644 1917 sicut
684 1865 917 1917 diximus
963 1865 1172 1935 positos
1214 1864 1307 1918 Sol
1355 1866 1614 1934 quadrata
1662 1864 1834 1917 radia·
1852 1865 1884 1916 6

139 1939 284 1991 tione
337 1939 652 2008 respexerit,
707 1943 760 1992 et
814 1957 902 1992 eos
960 1938 1221 1992 Saturnus
1275 1942 1368 1991 aut
1423 1939 1680 2008 quadrata
1741 1942 1833 1991 aut

72 2035 114 2067 25
141 2013 397 2066 diametra
436 2013 733 2066 radiatione
772 2014 1060 2082 percutiat,
1101 2016 1193 2065 aut
1232 2031 1398 2066 unum
1438 2013 1501 2064 de
1540 2012 1833 2064 luminibus

139 2088 193 2138 in
234 2085 352 2139 VII.
393 2087 459 2139 ab
499 2087 799 2155 horoscopo
838 2089 957 2140 loco
1007 2088 1077 2139 sit
1123 2088 1382 2155 positum,
1433 2090 1526 2140 aut
1565 2090 1704 2139 certe
1745 2086 1833 2139 Sa-

139 2164 328 2212 turnus
370 2162 425 2213 in
464 2162 580 2229 ipso
632 2162 703 2214 sit
749 2162 891 2229 1000,
941 2161 1298 2214 stomachicos
1347 2161 1559 2214 efficiet.
1637 2159 1742 2214 Sed
1781 2164 1833 2213 et

140 2235 184 2286 si
226 2234 318 2286 Sol
367 2238 420 2287 et
456 2235 611 2288 Luna
657 2239 710 2288 et
748 2234 891 2287 Mars
940 2238 994 2287 et
1031 2235 1330 2287 Mercurius
1378 2236 1435 2287 in
1476 2233 1564 2287 VI.
1606 2235 1715 2288 sint
1766 2235 1831 2287 ab

139 2308 439 2378 horoscopo
494 2310 612 2363 loco
662 2310 966 2376 constituti,
1021 2313 1073 2362 et
1124 2327 1214 2361 eos
1264 2307 1524 2361 Saturnus
1575 2308 1833 2377 quadrata

72 2405 115 2437 30
140 2383 435 2435 radiatione
475 2384 740 2453 respiciat,
781 2386 874 2435 aut
911 2382 1068 2452 (his)
1106 2383 1162 2434 in
1203 2382 1322 2435 VII.
1362 2382 1480 2435 loco
1522 2383 1831 2434 constitutis

141 2455 401 2508 Saturnus
444 2459 513 2509 sit
553 2459 608 2509 in
647 2457 948 2525 horoscopo
989 2458 1328 2521 constitutuS,
1369 2456 1531 2509 faciet
1568 2455 1832 2508 lunaticos

261 2622 284 2660 3
320 2620 366 2660 et
392 2631 522 2660 cecos
547 2617 723 2672 pariter
746 2622 800 2659 W
923 2622 946 2660 6
981 2617 1181 2660 sinistris
1207 2618 1279 2675 W]
1314 2617 1502 2660 sinistro
1527 2621 1565 2658 N
1679 2621 1704 2659 8
1738 2630 1832 2660 me-

140 2676 220 2720 dia
245 2691 328 2720 om.
354 2681 408 2718 W
531 2681 555 2719 9
582 2676 823 2720 constituti
849 2676 928 2719 Sol
951 2681 1053 2718 NW
1077 2689 1189 2720 corr.
1217 2679 1241 2729 ζ
1362 2681 1414 2719 10
1440 2675 1594 2718 maliv.
1658 2674 1831 2733 stella>

141 2749 167 2778 σ
219 2737 224 2783 Ι
275 2736 430 2791 posita
463 2750 544 2779 om.
577 2739 616 2777 N
739 2740 792 2779 12
826 2736 945 2778 huus
978 2740 1032 2777 W
1156 2740 1209 2778 16
1251 2734 1313 2778 sit
1344 2735 1392 2777 in
1425 2734 1520 2778 VII.
1556 2734 1613 2777 ab
1681 2747 1742 2777 or.
1778 2738 1832 2775 W

203 2800 258 2837 24
292 2798 338 2838 et
369 2809 451 2839 om.
485 2799 523 2835 N
596 2797 601 2849 l
675 2797 757 2838 aut
787 2796 918 2850 prius
949 2808 1031 2838 om.
1067 2799 1120 2836 W
1271 2799 1327 2837 25
1368 2793 1580 2850 perficiat
1611 2807 1724 2837 corr.
1759 2795 1782 2845 ζ
1823 2793 1826 2851 ξ

140 2854 194 2896 ut
228 2868 346 2896 unus
381 2890 388 2896 .
420 2891 426 2897 .
456 2889 463 2896 .
497 2853 678 2909 positus
710 2858 812 2895 NW
851 2867 962 2897 corr.
996 2871 1022 2896 κ
1176 2858 1228 2896 27
1276 2855 1505 2896 stomacos
1545 2866 1657 2896 corr.
1691 2856 1716 2904 ζ

143 2917 198 2955 28
232 2912 322 2965 Sol,
356 2913 501 2967 Luna,
534 2912 658 2954 Mars
691 2917 744 2953 W
876 2916 929 2954 30
963 2914 1068 2955 add.
1103 2916 1127 2964 ζ
1181 2915 1185 2966 Ι
1245 2911 1487 2955 constituti
1520 2925 1631 2955 corr.
1667 2915 1690 2962 ζ
