<?xml version="1.0" encoding="UTF-8"?>
<!DOCTYPE html PUBLIC "-//W3C//DTD XHTML 1.0 Transitional//EN"
    "http://www.w3.org/TR/xhtml1/DTD/xhtml1-transitional.dtd">
<html xmlns="http://www.w3.org/1999/xhtml" xml:lang="en" lang="en">
 <head>
  <title>
</title>
<meta http-equiv="Content-Type" content="text/html;charset=utf-8" />
  <meta name='ocr-system' content='tesseract 3.04.00' />
  <meta name='ocr-capabilities' content='ocr_page ocr_carea ocr_par ocr_line ocrx_word'/>
</head>
<body>
  <div class='ocr_page' id='page_1' title='image "./matheseoslibrivi02firmuoft_0053.png"; bbox 0 0 2038 3162; ppageno 0'>
   <div class='ocr_carea' id='block_1_1' title="bbox 527 119 1771 200">
    <p class='ocr_par' dir='ltr' id='par_1_1' title="bbox 527 119 1771 200">
     <span class='ocr_line' id='line_1_1' title="bbox 527 119 1771 200; baseline 0 -1"><span class='ocrx_word' id='word_1_1' title='bbox 527 154 837 200; x_wconf 86' lang='lat' dir='ltr'>APPENDIX</span> <span class='ocrx_word' id='word_1_2' title='bbox 867 153 1323 199; x_wconf 83' lang='lat' dir='ltr'>PRAEFATIONIS.</span> <span class='ocrx_word' id='word_1_3' title='bbox 1492 119 1495 122; x_wconf 15' lang='grc' dir='ltr'><strong>Δ</strong></span> <span class='ocrx_word' id='word_1_4' title='bbox 1626 154 1771 199; x_wconf 90' lang='lat' dir='ltr'>XLIX</span> 
     </span>
    </p>
   </div>
   <div class='ocr_carea' id='block_1_2' title="bbox 72 287 1770 3085">
    <p class='ocr_par' dir='ltr' id='par_1_2' title="bbox 72 287 1770 3085">
     <span class='ocr_line' id='line_1_2' title="bbox 78 287 1770 347; baseline -0.001 -13"><span class='ocrx_word' id='word_1_5' title='bbox 78 289 351 347; x_wconf 76' lang='lat' dir='ltr'><strong>praedicent</strong></span> <span class='ocrx_word' id='word_1_6' title='bbox 372 293 413 332; x_wconf 60' lang='lat'><strong>11</strong></span> <span class='ocrx_word' id='word_1_7' title='bbox 474 301 515 334; x_wconf 87' lang='grc'><strong>29</strong></span> <span class='ocrx_word' id='word_1_8' title='bbox 545 302 712 334; x_wconf 85' lang='lat' dir='ltr'><strong>venere</strong></span> <span class='ocrx_word' id='word_1_9' title='bbox 730 315 785 322; x_wconf 93' lang='lat'>—</span> <span class='ocrx_word' id='word_1_10' title='bbox 803 288 1061 333; x_wconf 86' lang='lat' dir='ltr'><strong>constituta</strong></span> <span class='ocrx_word' id='word_1_11' title='bbox 1083 289 1185 334; x_wconf 80' lang='lat' dir='ltr'><strong>hab.</strong></span> <span class='ocrx_word' id='word_1_12' title='bbox 1212 304 1246 333; x_wconf 87' lang='grc' dir='ltr'><strong><em>α</em></strong></span> <span class='ocrx_word' id='word_1_13' title='bbox 1272 290 1346 346; x_wconf 92' lang='grc' dir='ltr'><strong>(Ξ</strong></span> <span class='ocrx_word' id='word_1_14' title='bbox 1362 287 1453 347; x_wconf 74' lang='lat' dir='ltr'>A‘.)]</span> <span class='ocrx_word' id='word_1_15' title='bbox 1480 288 1637 333; x_wconf 86' lang='lat' dir='ltr'><strong>veneri</strong></span> <span class='ocrx_word' id='word_1_16' title='bbox 1663 302 1770 332; x_wconf 87' lang='lat' dir='ltr'><strong>con-</strong></span> 
     </span>
     <span class='ocr_line' id='line_1_3' title="bbox 79 346 1770 407; baseline -0.001 -15"><span class='ocrx_word' id='word_1_17' title='bbox 79 349 274 393; x_wconf 88' lang='lat' dir='ltr'><strong>stitutae</strong></span> <span class='ocrx_word' id='word_1_18' title='bbox 303 350 371 392; x_wconf 71' lang='lat' dir='ltr'><strong>N&#39;</strong></span> <span class='ocrx_word' id='word_1_19' title='bbox 402 348 659 406; x_wconf 88' lang='lat' dir='ltr'><strong>horoscopo</strong></span> <span class='ocrx_word' id='word_1_20' title='bbox 690 349 792 393; x_wconf 79' lang='lat' dir='ltr'><strong>hab.</strong></span> <span class='ocrx_word' id='word_1_21' title='bbox 817 352 901 392; x_wconf 70' lang='lat' dir='ltr'><strong>Na</strong></span> <span class='ocrx_word' id='word_1_22' title='bbox 994 346 1088 392; x_wconf 71' lang='lat'><strong>1⁴13</strong></span> <span class='ocrx_word' id='word_1_23' title='bbox 1106 361 1125 393; x_wconf 87' lang='grc'><strong>2</strong></span> <span class='ocrx_word' id='word_1_24' title='bbox 1157 351 1205 392; x_wconf 89' lang='lat' dir='ltr'><strong>et</strong></span> <span class='ocrx_word' id='word_1_25' title='bbox 1235 362 1320 393; x_wconf 86' lang='lat' dir='ltr'><strong>om.</strong></span> <span class='ocrx_word' id='word_1_26' title='bbox 1345 363 1380 392; x_wconf 87' lang='grc' dir='ltr'><strong><em>α</em></strong></span> <span class='ocrx_word' id='word_1_27' title='bbox 1413 350 1486 407; x_wconf 91' lang='grc' dir='ltr'><strong>(Ξ</strong></span> <span class='ocrx_word' id='word_1_28' title='bbox 1504 346 1573 405; x_wconf 78' lang='lat' dir='ltr'><strong>A‘)</strong></span> <span class='ocrx_word' id='word_1_29' title='bbox 1604 348 1705 393; x_wconf 81' lang='lat' dir='ltr'><strong>hab.</strong></span> <span class='ocrx_word' id='word_1_30' title='bbox 1730 352 1770 391; x_wconf 70' lang='lat' dir='ltr'><strong>R</strong></span> 
     </span>
     <span class='ocr_line' id='line_1_4' title="bbox 77 407 1769 464; baseline -0.001 -12"><span class='ocrx_word' id='word_1_31' title='bbox 77 407 260 452; x_wconf 83' lang='lat' dir='ltr'><strong>hisdem</strong></span> <span class='ocrx_word' id='word_1_32' title='bbox 284 423 319 452; x_wconf 87' lang='grc' dir='ltr'><strong><em>α</em></strong></span> <span class='ocrx_word' id='word_1_33' title='bbox 351 407 520 464; x_wconf 86' lang='lat' dir='ltr'><strong>ijsdem</strong></span> <span class='ocrx_word' id='word_1_34' title='bbox 542 412 582 451; x_wconf 69' lang='lat' dir='ltr'><strong>R</strong></span> <span class='ocrx_word' id='word_1_35' title='bbox 643 420 663 453; x_wconf 80' lang='grc'><strong>9</strong></span> <span class='ocrx_word' id='word_1_36' title='bbox 695 409 939 452; x_wconf 86' lang='lat' dir='ltr'><strong>coronatos</strong></span> <span class='ocrx_word' id='word_1_37' title='bbox 965 422 1000 451; x_wconf 87' lang='grc' dir='ltr'><strong><em>α</em></strong></span> <span class='ocrx_word' id='word_1_38' title='bbox 1061 419 1082 452; x_wconf 91' lang='grc'><strong>5</strong></span> <span class='ocrx_word' id='word_1_39' title='bbox 1107 409 1154 451; x_wconf 87' lang='lat' dir='ltr'><strong>et</strong></span> <span class='ocrx_word' id='word_1_40' title='bbox 1177 421 1299 463; x_wconf 87' lang='lat' dir='ltr'><strong>quae</strong></span> <span class='ocrx_word' id='word_1_41' title='bbox 1321 408 1423 452; x_wconf 84' lang='lat' dir='ltr'><strong>hab.</strong></span> <span class='ocrx_word' id='word_1_42' title='bbox 1442 411 1524 451; x_wconf 76' lang='lat' dir='ltr'><strong>Na</strong></span> <span class='ocrx_word' id='word_1_43' title='bbox 1587 419 1606 452; x_wconf 82' lang='lat'><strong>‘1</strong></span> <span class='ocrx_word' id='word_1_44' title='bbox 1631 420 1769 451; x_wconf 87' lang='lat' dir='ltr'><strong>vena-</strong></span> 
     </span>
     <span class='ocr_line' id='line_1_5' title="bbox 77 467 1768 526; baseline -0.001 -14"><span class='ocrx_word' id='word_1_45' title='bbox 77 469 201 512; x_wconf 89' lang='lat' dir='ltr'><strong>tores</strong></span> <span class='ocrx_word' id='word_1_46' title='bbox 226 483 262 512; x_wconf 77' lang='lat' dir='ltr'><strong>a</strong></span> <span class='ocrx_word' id='word_1_47' title='bbox 323 481 364 512; x_wconf 91' lang='lat'><strong>11</strong></span> <span class='ocrx_word' id='word_1_48' title='bbox 395 467 755 524; x_wconf 78' lang='lat' dir='ltr'><strong>imperatoribus</strong></span> <span class='ocrx_word' id='word_1_49' title='bbox 778 471 818 510; x_wconf 73' lang='grc' dir='ltr'><strong>Ν</strong></span> <span class='ocrx_word' id='word_1_50' title='bbox 879 480 921 511; x_wconf 86' lang='grc'><strong>12</strong></span> <span class='ocrx_word' id='word_1_51' title='bbox 951 467 1023 526; x_wconf 89' lang='lat' dir='ltr'><strong>ut]</strong></span> <span class='ocrx_word' id='word_1_52' title='bbox 1054 468 1211 510; x_wconf 85' lang='lat' dir='ltr'><strong>autem</strong></span> <span class='ocrx_word' id='word_1_53' title='bbox 1235 483 1271 511; x_wconf 86' lang='grc' dir='ltr'><strong>α</strong></span> <span class='ocrx_word' id='word_1_54' title='bbox 1303 469 1461 511; x_wconf 91' lang='lat' dir='ltr'><strong>autem</strong></span> <span class='ocrx_word' id='word_1_55' title='bbox 1483 468 1538 511; x_wconf 92' lang='lat' dir='ltr'><strong>ut</strong></span> <span class='ocrx_word' id='word_1_56' title='bbox 1560 471 1599 509; x_wconf 71' lang='lat' dir='ltr'>N</span> <span class='ocrx_word' id='word_1_57' title='bbox 1624 469 1697 524; x_wconf 91' lang='lat'><strong>(=</strong></span> <span class='ocrx_word' id='word_1_58' title='bbox 1714 468 1768 524; x_wconf 99' lang='lat' dir='ltr'>V)</span> 
     </span>
     <span class='ocr_line' id='line_1_6' title="bbox 78 525 1770 585; baseline -0.001 -14"><span class='ocrx_word' id='word_1_59' title='bbox 78 539 121 571; x_wconf 86' lang='lat'><strong>18</strong></span> <span class='ocrx_word' id='word_1_60' title='bbox 150 526 294 585; x_wconf 87' lang='lat' dir='ltr'><strong>regiis</strong></span> <span class='ocrx_word' id='word_1_61' title='bbox 325 530 365 569; x_wconf 74' lang='lat' dir='ltr'>N</span> <span class='ocrx_word' id='word_1_62' title='bbox 396 527 468 584; x_wconf 91' lang='lat'><strong>(=</strong></span> <span class='ocrx_word' id='word_1_63' title='bbox 487 528 541 584; x_wconf 91' lang='lat' dir='ltr'>V)</span> <span class='ocrx_word' id='word_1_64' title='bbox 612 539 653 571; x_wconf 89' lang='grc'><strong>21</strong></span> <span class='ocrx_word' id='word_1_65' title='bbox 685 525 909 583; x_wconf 87' lang='lat' dir='ltr'><strong>plumarii</strong></span> <span class='ocrx_word' id='word_1_66' title='bbox 939 527 1042 571; x_wconf 77' lang='lat' dir='ltr'><strong>hab.</strong></span> <span class='ocrx_word' id='word_1_67' title='bbox 1066 530 1106 569; x_wconf 73' lang='lat' dir='ltr'>N</span> <span class='ocrx_word' id='word_1_68' title='bbox 1137 526 1474 583; x_wconf 88' lang='lat' dir='ltr'><strong>(pluuiatarum</strong></span> <span class='ocrx_word' id='word_1_69' title='bbox 1506 528 1558 584; x_wconf 86' lang='grc' dir='ltr'><strong>α)</strong></span> <span class='ocrx_word' id='word_1_70' title='bbox 1621 538 1663 570; x_wconf 77' lang='grc'><strong>29</strong></span> <span class='ocrx_word' id='word_1_71' title='bbox 1692 540 1770 571; x_wconf 83' lang='lat' dir='ltr'><strong>ve-</strong></span> 
     </span>
     <span class='ocr_line' id='line_1_7' title="bbox 76 583 1769 642; baseline 0 -13"><span class='ocrx_word' id='word_1_72' title='bbox 76 600 285 631; x_wconf 88' lang='lat' dir='ltr'><strong>nerem..</strong></span> <span class='ocrx_word' id='word_1_73' title='bbox 332 586 534 642; x_wconf 86' lang='lat' dir='ltr'><strong>positam</strong></span> <span class='ocrx_word' id='word_1_74' title='bbox 560 588 778 630; x_wconf 88' lang='lat' dir='ltr'><strong>saturnus</strong></span> <span class='ocrx_word' id='word_1_75' title='bbox 802 590 886 629; x_wconf 74' lang='lat' dir='ltr'><strong>Na</strong></span> <span class='ocrx_word' id='word_1_76' title='bbox 947 597 990 631; x_wconf 90' lang='grc'><strong>25</strong></span> <span class='ocrx_word' id='word_1_77' title='bbox 1022 585 1238 630; x_wconf 84' lang='lat' dir='ltr'><strong>dulcibus</strong></span> <span class='ocrx_word' id='word_1_78' title='bbox 1262 590 1345 630; x_wconf 75' lang='lat' dir='ltr'><strong>Na</strong></span> <span class='ocrx_word' id='word_1_79' title='bbox 1409 583 1544 630; x_wconf 77' lang='lat'>1444</span> <span class='ocrx_word' id='word_1_80' title='bbox 1575 585 1614 629; x_wconf 87' lang='lat' dir='ltr'><strong>si</strong></span> <span class='ocrx_word' id='word_1_81' title='bbox 1639 585 1707 629; x_wconf 90' lang='lat' dir='ltr'><strong>sic</strong></span> <span class='ocrx_word' id='word_1_82' title='bbox 1730 590 1769 629; x_wconf 72' lang='lat' dir='ltr'>N</span> 
     </span>
     <span class='ocr_line' id='line_1_8' title="bbox 78 644 1770 703; baseline 0 -15"><span class='ocrx_word' id='word_1_83' title='bbox 78 647 222 703; x_wconf 90' lang='lat' dir='ltr'>(=V)</span> <span class='ocrx_word' id='word_1_84' title='bbox 284 645 406 689; x_wconf 87' lang='lat' dir='ltr'><strong>sicut</strong></span> <span class='ocrx_word' id='word_1_85' title='bbox 438 644 639 689; x_wconf 87' lang='lat' dir='ltr'><strong>diximus</strong></span> <span class='ocrx_word' id='word_1_86' title='bbox 671 659 756 691; x_wconf 87' lang='lat' dir='ltr'><strong>om.</strong></span> <span class='ocrx_word' id='word_1_87' title='bbox 779 649 819 688; x_wconf 77' lang='lat' dir='ltr'>N</span> <span class='ocrx_word' id='word_1_88' title='bbox 851 646 924 702; x_wconf 91' lang='lat'><strong>(=</strong></span> <span class='ocrx_word' id='word_1_89' title='bbox 941 646 995 702; x_wconf 93' lang='lat' dir='ltr'>V)</span> <span class='ocrx_word' id='word_1_90' title='bbox 1034 646 1089 688; x_wconf 91' lang='lat' dir='ltr'><strong>ut</strong></span> <span class='ocrx_word' id='word_1_91' title='bbox 1120 644 1214 690; x_wconf 85' lang='lat' dir='ltr'><strong>dix.</strong></span> <span class='ocrx_word' id='word_1_92' title='bbox 1246 659 1331 690; x_wconf 86' lang='lat' dir='ltr'><strong>om.</strong></span> <span class='ocrx_word' id='word_1_93' title='bbox 1356 661 1391 690; x_wconf 84' lang='grc' dir='ltr'><strong>α</strong></span> <span class='ocrx_word' id='word_1_94' title='bbox 1424 647 1499 702; x_wconf 79' lang='lat' dir='ltr'><strong>(cf.</strong></span> <span class='ocrx_word' id='word_1_95' title='bbox 1524 647 1585 702; x_wconf 71' lang='lat' dir='ltr'>H)</span> <span class='ocrx_word' id='word_1_96' title='bbox 1670 657 1688 689; x_wconf 75' lang='grc'><strong>7</strong></span> <span class='ocrx_word' id='word_1_97' title='bbox 1721 645 1770 688; x_wconf 89' lang='grc'><strong>111</strong></span> 
     </span>
     <span class='ocr_line' id='line_1_9' title="bbox 75 704 1770 762; baseline -0.001 -14"><span class='ocrx_word' id='word_1_98' title='bbox 75 704 287 750; x_wconf 91' lang='lat' dir='ltr'><strong>uenereis</strong></span> <span class='ocrx_word' id='word_1_99' title='bbox 311 705 373 748; x_wconf 57' lang='grc' dir='ltr'><strong>ΠΙ</strong></span> <span class='ocrx_word' id='word_1_100' title='bbox 403 706 480 749; x_wconf 79' lang='lat' dir='ltr'><strong>im.</strong></span> <span class='ocrx_word' id='word_1_101' title='bbox 504 704 697 750; x_wconf 90' lang='lat' dir='ltr'><strong>iuuenes</strong></span> <span class='ocrx_word' id='word_1_102' title='bbox 728 706 781 749; x_wconf 74' lang='lat' dir='ltr'><strong>in</strong></span> <span class='ocrx_word' id='word_1_103' title='bbox 815 709 940 749; x_wconf 80' lang='lat' dir='ltr'><strong>textu</strong></span> <span class='ocrx_word' id='word_1_104' title='bbox 971 704 1037 755; x_wconf 90' lang='lat' dir='ltr'><strong>(in</strong></span> <span class='ocrx_word' id='word_1_105' title='bbox 1068 705 1251 749; x_wconf 88' lang='lat' dir='ltr'><strong>ueneris</strong></span> <span class='ocrx_word' id='word_1_106' title='bbox 1277 707 1330 762; x_wconf 80' lang='lat' dir='ltr'><strong>a)</strong></span> <span class='ocrx_word' id='word_1_107' title='bbox 1408 717 1450 749; x_wconf 84' lang='grc'><strong>19</strong></span> <span class='ocrx_word' id='word_1_108' title='bbox 1480 704 1770 762; x_wconf 74' lang='lat' dir='ltr'><strong>respexerint</strong></span> 
     </span>
     <span class='ocr_line' id='line_1_10' title="bbox 75 763 1769 822; baseline -0.001 -14"><span class='ocrx_word' id='word_1_109' title='bbox 75 765 179 809; x_wconf 79' lang='lat' dir='ltr'><strong>hab.</strong></span> <span class='ocrx_word' id='word_1_110' title='bbox 211 779 247 808; x_wconf 84' lang='grc' dir='ltr'><strong><em>α</em></strong></span> <span class='ocrx_word' id='word_1_111' title='bbox 279 766 353 820; x_wconf 79' lang='grc' dir='ltr'><strong>(Ξ</strong></span> <span class='ocrx_word' id='word_1_112' title='bbox 370 763 460 822; x_wconf 78' lang='lat' dir='ltr'>A&#39;)]</span> <span class='ocrx_word' id='word_1_113' title='bbox 499 763 757 821; x_wconf 88' lang='lat' dir='ltr'><strong>respexerit</strong></span> <span class='ocrx_word' id='word_1_114' title='bbox 786 768 825 806; x_wconf 76' lang='lat' dir='ltr'>N</span> <span class='ocrx_word' id='word_1_115' title='bbox 916 775 958 808; x_wconf 84' lang='lat'><strong>15</strong></span> <span class='ocrx_word' id='word_1_116' title='bbox 989 776 1208 808; x_wconf 88' lang='lat' dir='ltr'><strong>venereos</strong></span> <span class='ocrx_word' id='word_1_117' title='bbox 1238 768 1322 808; x_wconf 77' lang='lat' dir='ltr'><strong>Na</strong></span> <span class='ocrx_word' id='word_1_118' title='bbox 1413 776 1456 809; x_wconf 77' lang='grc'><strong>23</strong></span> <span class='ocrx_word' id='word_1_119' title='bbox 1487 764 1560 808; x_wconf 84' lang='lat' dir='ltr'><strong>vel</strong></span> <span class='ocrx_word' id='word_1_120' title='bbox 1596 765 1697 808; x_wconf 79' lang='lat' dir='ltr'><strong>hab.</strong></span> <span class='ocrx_word' id='word_1_121' title='bbox 1730 768 1769 806; x_wconf 75' lang='lat' dir='ltr'>N</span> 
     </span>
     <span class='ocr_line' id='line_1_11' title="bbox 77 822 1767 883; baseline 0 -17"><span class='ocrx_word' id='word_1_122' title='bbox 77 823 385 880; x_wconf 88' lang='lat' dir='ltr'><strong>(sacerdotem</strong></span> <span class='ocrx_word' id='word_1_123' title='bbox 416 823 488 867; x_wconf 91' lang='lat' dir='ltr'><strong>vel</strong></span> <span class='ocrx_word' id='word_1_124' title='bbox 519 837 602 868; x_wconf 83' lang='lat' dir='ltr'><strong>om.</strong></span> <span class='ocrx_word' id='word_1_125' title='bbox 637 825 690 881; x_wconf 85' lang='grc' dir='ltr'><strong>α)</strong></span> <span class='ocrx_word' id='word_1_126' title='bbox 752 822 865 867; x_wconf 92' lang='lat' dir='ltr'><strong>Ven.</strong></span> <span class='ocrx_word' id='word_1_127' title='bbox 901 822 1042 883; x_wconf 87' lang='lat' dir='ltr'><strong>&lt;vel&gt;</strong></span> <span class='ocrx_word' id='word_1_128' title='bbox 1077 838 1113 867; x_wconf 85' lang='grc' dir='ltr'><em>α</em></span> <span class='ocrx_word' id='word_1_129' title='bbox 1205 836 1249 868; x_wconf 77' lang='grc'><strong>24</strong></span> <span class='ocrx_word' id='word_1_130' title='bbox 1279 822 1419 867; x_wconf 88' lang='lat' dir='ltr'><strong>stella</strong></span> <span class='ocrx_word' id='word_1_131' title='bbox 1457 837 1541 868; x_wconf 86' lang='lat' dir='ltr'><strong>om.</strong></span> <span class='ocrx_word' id='word_1_132' title='bbox 1574 827 1613 866; x_wconf 73' lang='lat' dir='ltr'>N</span> <span class='ocrx_word' id='word_1_133' title='bbox 1673 823 1767 882; x_wconf 86' lang='lat' dir='ltr'><strong>vel]</strong></span> 
     </span>
     <span class='ocr_line' id='line_1_12' title="bbox 77 882 1769 928; baseline 0.001 -2"><span class='ocrx_word' id='word_1_134' title='bbox 77 884 126 926; x_wconf 91' lang='lat' dir='ltr'><strong>et</strong></span> <span class='ocrx_word' id='word_1_135' title='bbox 154 887 195 926; x_wconf 72' lang='lat' dir='ltr'>N</span> <span class='ocrx_word' id='word_1_136' title='bbox 225 897 308 928; x_wconf 88' lang='lat' dir='ltr'><strong>om.</strong></span> <span class='ocrx_word' id='word_1_137' title='bbox 335 898 370 927; x_wconf 85' lang='grc' dir='ltr'><strong><em>α</em></strong></span> <span class='ocrx_word' id='word_1_138' title='bbox 444 895 485 928; x_wconf 74' lang='grc'><strong>27</strong></span> <span class='ocrx_word' id='word_1_139' title='bbox 517 882 636 926; x_wconf 82' lang='grc' dir='ltr'><strong>ΙΜΟ.</strong></span> <span class='ocrx_word' id='word_1_140' title='bbox 690 882 846 927; x_wconf 91' lang='lat' dir='ltr'><strong>medio</strong></span> <span class='ocrx_word' id='word_1_141' title='bbox 870 887 910 925; x_wconf 71' lang='lat' dir='ltr'>N</span> <span class='ocrx_word' id='word_1_142' title='bbox 940 882 1094 927; x_wconf 90' lang='lat' dir='ltr'><strong>medio</strong></span> <span class='ocrx_word' id='word_1_143' title='bbox 1127 882 1216 927; x_wconf 90' lang='lat' dir='ltr'><strong>celi</strong></span> <span class='ocrx_word' id='word_1_144' title='bbox 1247 899 1283 927; x_wconf 84' lang='grc' dir='ltr'><strong><em>α</em></strong></span> <span class='ocrx_word' id='word_1_145' title='bbox 1353 895 1394 928; x_wconf 97' lang='grc'><strong>29</strong></span> <span class='ocrx_word' id='word_1_146' title='bbox 1427 885 1475 927; x_wconf 91' lang='lat' dir='ltr'><strong>et</strong></span> <span class='ocrx_word' id='word_1_147' title='bbox 1506 883 1545 926; x_wconf 92' lang='lat' dir='ltr'><strong>si</strong></span> <span class='ocrx_word' id='word_1_148' title='bbox 1577 897 1680 927; x_wconf 87' lang='lat' dir='ltr'><strong>cum</strong></span> <span class='ocrx_word' id='word_1_149' title='bbox 1713 896 1769 927; x_wconf 92' lang='lat' dir='ltr'><strong>ea</strong></span> 
     </span>
     <span class='ocr_line' id='line_1_13' title="bbox 76 941 1767 999; baseline 0 -13"><span class='ocrx_word' id='word_1_150' title='bbox 76 942 332 987; x_wconf 88' lang='lat' dir='ltr'><strong>Mercurius</strong></span> <span class='ocrx_word' id='word_1_151' title='bbox 355 947 405 985; x_wconf 75' lang='lat' dir='ltr'><strong>N·</strong></span> <span class='ocrx_word' id='word_1_152' title='bbox 427 944 474 986; x_wconf 93' lang='lat' dir='ltr'><strong>et</strong></span> <span class='ocrx_word' id='word_1_153' title='bbox 505 957 607 987; x_wconf 90' lang='lat' dir='ltr'><strong>cum</strong></span> <span class='ocrx_word' id='word_1_154' title='bbox 692 942 899 987; x_wconf 84' lang='lat' dir='ltr'><strong>ercurio.</strong></span> <span class='ocrx_word' id='word_1_155' title='bbox 949 977 960 986; x_wconf 88' lang='lat'>.</span> <span class='ocrx_word' id='word_1_156' title='bbox 978 942 1227 986; x_wconf 88' lang='lat' dir='ltr'><strong>coniuncta</strong></span> <span class='ocrx_word' id='word_1_157' title='bbox 1251 957 1287 986; x_wconf 83' lang='grc' dir='ltr'><strong><em>α</em></strong></span> <span class='ocrx_word' id='word_1_158' title='bbox 1353 955 1396 987; x_wconf 81' lang='grc'><strong>90</strong></span> <span class='ocrx_word' id='word_1_159' title='bbox 1426 941 1663 999; x_wconf 82' lang='lat' dir='ltr'><strong>partiliter</strong></span> <span class='ocrx_word' id='word_1_160' title='bbox 1684 946 1767 986; x_wconf 75' lang='lat' dir='ltr'><strong>Na</strong></span> 
     </span>
     <span class='ocr_line' id='line_1_14' title="bbox 74 1000 1768 1060; baseline -0.001 -14"><span class='ocrx_word' id='word_1_161' title='bbox 74 1014 117 1046; x_wconf 81' lang='grc'><strong>91</strong></span> <span class='ocrx_word' id='word_1_162' title='bbox 150 1002 379 1060; x_wconf 88' lang='lat' dir='ltr'><strong>stoemen]</strong></span> <span class='ocrx_word' id='word_1_163' title='bbox 411 1015 625 1046; x_wconf 87' lang='lat' dir='ltr'><strong>scoemen</strong></span> <span class='ocrx_word' id='word_1_164' title='bbox 649 1018 683 1046; x_wconf 86' lang='grc' dir='ltr'><strong><em>α</em></strong></span> <span class='ocrx_word' id='word_1_165' title='bbox 716 1002 859 1046; x_wconf 87' lang='lat' dir='ltr'><strong>etiam</strong></span> <span class='ocrx_word' id='word_1_166' title='bbox 881 1006 921 1044; x_wconf 75' lang='lat' dir='ltr'>N</span> <span class='ocrx_word' id='word_1_167' title='bbox 986 1000 1078 1046; x_wconf 80' lang='lat'><strong>145</strong></span> <span class='ocrx_word' id='word_1_168' title='bbox 1097 1014 1140 1045; x_wconf 89' lang='grc'><strong>10</strong></span> <span class='ocrx_word' id='word_1_169' title='bbox 1171 1015 1199 1045; x_wconf 91' lang='lat' dir='ltr'><strong>a</strong></span> <span class='ocrx_word' id='word_1_170' title='bbox 1229 1002 1331 1046; x_wconf 84' lang='lat' dir='ltr'><strong>hab.</strong></span> <span class='ocrx_word' id='word_1_171' title='bbox 1356 1006 1395 1044; x_wconf 75' lang='grc' dir='ltr'><strong>Ν</strong></span> <span class='ocrx_word' id='word_1_172' title='bbox 1426 1016 1510 1046; x_wconf 89' lang='lat' dir='ltr'><strong>om.</strong></span> <span class='ocrx_word' id='word_1_173' title='bbox 1537 1017 1572 1046; x_wconf 87' lang='grc' dir='ltr'><strong><em>α</em></strong></span> <span class='ocrx_word' id='word_1_174' title='bbox 1635 1014 1678 1046; x_wconf 80' lang='lat'><strong>14</strong></span> <span class='ocrx_word' id='word_1_175' title='bbox 1709 1002 1768 1045; x_wconf 92' lang='lat' dir='ltr'><strong>si-</strong></span> 
     </span>
     <span class='ocr_line' id='line_1_15' title="bbox 75 1060 1767 1120; baseline -0.001 -15"><span class='ocrx_word' id='word_1_176' title='bbox 75 1075 167 1118; x_wconf 88' lang='lat' dir='ltr'><strong>gno</strong></span> <span class='ocrx_word' id='word_1_177' title='bbox 199 1062 254 1120; x_wconf 80' lang='lat' dir='ltr'><strong>a]</strong></span> <span class='ocrx_word' id='word_1_178' title='bbox 287 1061 388 1106; x_wconf 93' lang='lat' dir='ltr'><strong>loco</strong></span> <span class='ocrx_word' id='word_1_179' title='bbox 419 1066 459 1104; x_wconf 75' lang='lat' dir='ltr'>N</span> <span class='ocrx_word' id='word_1_180' title='bbox 483 1063 555 1118; x_wconf 92' lang='lat'><strong>(=</strong></span> <span class='ocrx_word' id='word_1_181' title='bbox 574 1063 630 1119; x_wconf 93' lang='lat' dir='ltr'>V)</span> <span class='ocrx_word' id='word_1_182' title='bbox 692 1073 734 1106; x_wconf 90' lang='grc'><strong>15</strong></span> <span class='ocrx_word' id='word_1_183' title='bbox 766 1063 814 1105; x_wconf 86' lang='lat' dir='ltr'><strong>et</strong></span> <span class='ocrx_word' id='word_1_184' title='bbox 843 1065 927 1105; x_wconf 77' lang='lat' dir='ltr'><strong>Na</strong></span> <span class='ocrx_word' id='word_1_185' title='bbox 953 1060 1159 1118; x_wconf 81' lang='lat' dir='ltr'>(=VA‘)</span> <span class='ocrx_word' id='word_1_186' title='bbox 1221 1074 1263 1106; x_wconf 84' lang='lat'><strong>16</strong></span> <span class='ocrx_word' id='word_1_187' title='bbox 1295 1060 1472 1105; x_wconf 87' lang='lat' dir='ltr'><strong>facient</strong></span> <span class='ocrx_word' id='word_1_188' title='bbox 1502 1066 1541 1104; x_wconf 76' lang='lat' dir='ltr'>N</span> <span class='ocrx_word' id='word_1_189' title='bbox 1566 1063 1637 1118; x_wconf 93' lang='lat'><strong>(=</strong></span> <span class='ocrx_word' id='word_1_190' title='bbox 1660 1063 1767 1118; x_wconf 75' lang='lat' dir='ltr'>MV)</span> 
     </span>
     <span class='ocr_line' id='line_1_16' title="bbox 77 1119 1769 1179; baseline 0 -16"><span class='ocrx_word' id='word_1_191' title='bbox 77 1119 194 1164; x_wconf 87' lang='lat' dir='ltr'><strong>facit</strong></span> <span class='ocrx_word' id='word_1_192' title='bbox 225 1136 260 1165; x_wconf 85' lang='grc' dir='ltr'><em>α</em></span> <span class='ocrx_word' id='word_1_193' title='bbox 335 1133 377 1166; x_wconf 84' lang='grc'><strong>18</strong></span> <span class='ocrx_word' id='word_1_194' title='bbox 407 1135 662 1176; x_wconf 84' lang='lat' dir='ltr'><strong>numquam</strong></span> <span class='ocrx_word' id='word_1_195' title='bbox 693 1120 857 1179; x_wconf 88' lang='lat' dir='ltr'><strong>velint]</strong></span> <span class='ocrx_word' id='word_1_196' title='bbox 889 1135 1146 1177; x_wconf 84' lang='lat' dir='ltr'><strong>numquam</strong></span> <span class='ocrx_word' id='word_1_197' title='bbox 1175 1122 1373 1177; x_wconf 84' lang='lat' dir='ltr'><strong>possunt</strong></span> <span class='ocrx_word' id='word_1_198' title='bbox 1396 1136 1432 1165; x_wconf 83' lang='grc' dir='ltr'><strong>α</strong></span> <span class='ocrx_word' id='word_1_199' title='bbox 1462 1122 1700 1177; x_wconf 83' lang='lat' dir='ltr'><strong>nequeant</strong></span> <span class='ocrx_word' id='word_1_200' title='bbox 1729 1125 1769 1163; x_wconf 70' lang='lat' dir='ltr'>N</span> 
     </span>
     <span class='ocr_line' id='line_1_17' title="bbox 77 1179 1768 1239; baseline -0.001 -15"><span class='ocrx_word' id='word_1_201' title='bbox 77 1181 217 1236; x_wconf 84' lang='lat' dir='ltr'><strong>atque</strong></span> <span class='ocrx_word' id='word_1_202' title='bbox 249 1194 334 1225; x_wconf 86' lang='lat' dir='ltr'><strong>om.</strong></span> <span class='ocrx_word' id='word_1_203' title='bbox 358 1184 443 1224; x_wconf 74' lang='lat' dir='ltr'><strong>Na</strong></span> <span class='ocrx_word' id='word_1_204' title='bbox 527 1193 567 1225; x_wconf 85' lang='grc'><strong>21</strong></span> <span class='ocrx_word' id='word_1_205' title='bbox 594 1179 676 1237; x_wconf 90' lang='lat' dir='ltr'><strong>qui</strong></span> <span class='ocrx_word' id='word_1_206' title='bbox 707 1194 792 1225; x_wconf 88' lang='lat' dir='ltr'><strong>om.</strong></span> <span class='ocrx_word' id='word_1_207' title='bbox 816 1184 900 1224; x_wconf 78' lang='lat' dir='ltr'><strong>Na</strong></span> <span class='ocrx_word' id='word_1_208' title='bbox 984 1192 1027 1225; x_wconf 90' lang='grc'><strong>22</strong></span> <span class='ocrx_word' id='word_1_209' title='bbox 1057 1179 1201 1224; x_wconf 86' lang='lat' dir='ltr'><strong>faciet</strong></span> <span class='ocrx_word' id='word_1_210' title='bbox 1232 1195 1267 1224; x_wconf 84' lang='grc' dir='ltr'><strong><em>α</em></strong></span> <span class='ocrx_word' id='word_1_211' title='bbox 1299 1182 1373 1237; x_wconf 93' lang='grc' dir='ltr'><strong>(Ξ</strong></span> <span class='ocrx_word' id='word_1_212' title='bbox 1391 1180 1479 1239; x_wconf 81' lang='grc' dir='ltr'>Δ’)]</span> <span class='ocrx_word' id='word_1_213' title='bbox 1520 1180 1697 1224; x_wconf 87' lang='lat' dir='ltr'><strong>facient-</strong></span> <span class='ocrx_word' id='word_1_214' title='bbox 1729 1184 1768 1222; x_wconf 77' lang='grc' dir='ltr'><strong>Ν</strong></span> 
     </span>
     <span class='ocr_line' id='line_1_18' title="bbox 75 1238 1769 1298; baseline 0 -16"><span class='ocrx_word' id='word_1_215' title='bbox 75 1239 237 1283; x_wconf 90' lang='lat' dir='ltr'><strong>infulis</strong></span> <span class='ocrx_word' id='word_1_216' title='bbox 268 1244 352 1284; x_wconf 74' lang='lat' dir='ltr'><strong>Na</strong></span> <span class='ocrx_word' id='word_1_217' title='bbox 377 1242 450 1297; x_wconf 87' lang='lat'><strong>(=</strong></span> <span class='ocrx_word' id='word_1_218' title='bbox 468 1238 537 1297; x_wconf 78' lang='lat' dir='ltr'><strong>A&#39;)</strong></span> <span class='ocrx_word' id='word_1_219' title='bbox 603 1252 646 1284; x_wconf 76' lang='grc'><strong>23</strong></span> <span class='ocrx_word' id='word_1_220' title='bbox 680 1239 892 1298; x_wconf 76' lang='lat' dir='ltr'><strong>(faciet)</strong></span> <span class='ocrx_word' id='word_1_221' title='bbox 925 1238 1128 1284; x_wconf 87' lang='lat' dir='ltr'><strong>famosos</strong></span> <span class='ocrx_word' id='word_1_222' title='bbox 1152 1244 1192 1282; x_wconf 72' lang='lat' dir='ltr'>N</span> <span class='ocrx_word' id='word_1_223' title='bbox 1223 1240 1422 1289; x_wconf 45' lang='lat' dir='ltr'><strong>«famosa</strong></span> <span class='ocrx_word' id='word_1_224' title='bbox 1445 1242 1500 1297; x_wconf 84' lang='lat' dir='ltr'><strong>a)</strong></span> <span class='ocrx_word' id='word_1_225' title='bbox 1562 1253 1606 1284; x_wconf 81' lang='lat'><strong>24</strong></span> <span class='ocrx_word' id='word_1_226' title='bbox 1634 1239 1769 1283; x_wconf 91' lang='lat' dir='ltr'><strong>nobi-</strong></span> 
     </span>
     <span class='ocr_line' id='line_1_19' title="bbox 74 1298 1768 1358; baseline 0 -16"><span class='ocrx_word' id='word_1_227' title='bbox 74 1298 225 1343; x_wconf 86' lang='lat' dir='ltr'><strong>litatis</strong></span> <span class='ocrx_word' id='word_1_228' title='bbox 264 1301 347 1356; x_wconf 79' lang='lat' dir='ltr'><strong>(sic</strong></span> <span class='ocrx_word' id='word_1_229' title='bbox 376 1305 418 1343; x_wconf 81' lang='lat' dir='ltr'><strong>et</strong></span> <span class='ocrx_word' id='word_1_230' title='bbox 448 1301 501 1356; x_wconf 86' lang='grc' dir='ltr'><strong>α)</strong></span> <span class='ocrx_word' id='word_1_231' title='bbox 543 1298 932 1358; x_wconf 76' lang='lat' dir='ltr'><strong>(praefulgidos)</strong></span> <span class='ocrx_word' id='word_1_232' title='bbox 966 1303 1006 1342; x_wconf 68' lang='grc' dir='ltr'><strong><em>Η</em></strong></span> <span class='ocrx_word' id='word_1_233' title='bbox 1095 1311 1138 1344; x_wconf 90' lang='grc'><strong>25</strong></span> <span class='ocrx_word' id='word_1_234' title='bbox 1171 1300 1218 1344; x_wconf 90' lang='lat' dir='ltr'><strong>et</strong></span> <span class='ocrx_word' id='word_1_235' title='bbox 1248 1313 1331 1344; x_wconf 86' lang='lat' dir='ltr'><strong>om.</strong></span> <span class='ocrx_word' id='word_1_236' title='bbox 1365 1304 1452 1343; x_wconf 75' lang='lat' dir='ltr'><strong>Na</strong></span> <span class='ocrx_word' id='word_1_237' title='bbox 1514 1299 1768 1356; x_wconf 87' lang='lat' dir='ltr'><strong>promotio-</strong></span> 
     </span>
     <span class='ocr_line' id='line_1_20' title="bbox 74 1357 1768 1418; baseline -0.001 -16"><span class='ocrx_word' id='word_1_238' title='bbox 74 1358 146 1402; x_wconf 89' lang='lat' dir='ltr'><strong>nis</strong></span> <span class='ocrx_word' id='word_1_239' title='bbox 171 1363 254 1403; x_wconf 74' lang='lat' dir='ltr'><strong>Na</strong></span> <span class='ocrx_word' id='word_1_240' title='bbox 316 1371 357 1404; x_wconf 80' lang='lat'><strong>2¹1</strong></span> <span class='ocrx_word' id='word_1_241' title='bbox 389 1360 526 1416; x_wconf 84' lang='lat' dir='ltr'><strong>grata</strong></span> <span class='ocrx_word' id='word_1_242' title='bbox 548 1363 587 1401; x_wconf 75' lang='lat' dir='ltr'>N</span> <span class='ocrx_word' id='word_1_243' title='bbox 648 1371 691 1403; x_wconf 75' lang='grc'><strong>60</strong></span> <span class='ocrx_word' id='word_1_244' title='bbox 724 1360 806 1403; x_wconf 90' lang='lat' dir='ltr'><strong>aut</strong></span> <span class='ocrx_word' id='word_1_245' title='bbox 829 1373 914 1403; x_wconf 86' lang='lat' dir='ltr'><strong>om.</strong></span> <span class='ocrx_word' id='word_1_246' title='bbox 938 1363 1022 1402; x_wconf 75' lang='lat' dir='ltr'><strong>Na</strong></span> <span class='ocrx_word' id='word_1_247' title='bbox 1085 1357 1180 1403; x_wconf 80' lang='lat'><strong>146</strong></span> <span class='ocrx_word' id='word_1_248' title='bbox 1199 1373 1217 1403; x_wconf 85' lang='lat'>1</span> <span class='ocrx_word' id='word_1_249' title='bbox 1241 1359 1333 1417; x_wconf 87' lang='lat' dir='ltr'><strong>vel]</strong></span> <span class='ocrx_word' id='word_1_250' title='bbox 1360 1361 1408 1402; x_wconf 90' lang='lat' dir='ltr'><strong>et</strong></span> <span class='ocrx_word' id='word_1_251' title='bbox 1430 1363 1470 1402; x_wconf 73' lang='lat' dir='ltr'>N</span> <span class='ocrx_word' id='word_1_252' title='bbox 1531 1359 1634 1418; x_wconf 87' lang='lat' dir='ltr'><strong>aut]</strong></span> <span class='ocrx_word' id='word_1_253' title='bbox 1659 1360 1707 1403; x_wconf 85' lang='lat' dir='ltr'><strong>et</strong></span> <span class='ocrx_word' id='word_1_254' title='bbox 1729 1363 1768 1401; x_wconf 74' lang='lat' dir='ltr'>N</span> 
     </span>
     <span class='ocr_line' id='line_1_21' title="bbox 75 1416 1768 1479; baseline 0 -17"><span class='ocrx_word' id='word_1_255' title='bbox 75 1430 95 1462; x_wconf 88' lang='grc'><strong>2</strong></span> <span class='ocrx_word' id='word_1_256' title='bbox 127 1419 210 1462; x_wconf 87' lang='lat' dir='ltr'><strong>aut</strong></span> <span class='ocrx_word' id='word_1_257' title='bbox 247 1431 332 1463; x_wconf 88' lang='lat' dir='ltr'><strong>om.</strong></span> <span class='ocrx_word' id='word_1_258' title='bbox 363 1422 448 1462; x_wconf 74' lang='lat' dir='ltr'><strong>Na</strong></span> <span class='ocrx_word' id='word_1_259' title='bbox 548 1430 568 1462; x_wconf 75' lang='lat'>³</span> <span class='ocrx_word' id='word_1_260' title='bbox 606 1417 744 1475; x_wconf 90' lang='lat' dir='ltr'><strong>plene</strong></span> <span class='ocrx_word' id='word_1_261' title='bbox 774 1422 814 1460; x_wconf 76' lang='lat' dir='ltr'>N</span> <span class='ocrx_word' id='word_1_262' title='bbox 856 1417 996 1474; x_wconf 86' lang='lat' dir='ltr'><strong>plena</strong></span> <span class='ocrx_word' id='word_1_263' title='bbox 1030 1416 1241 1479; x_wconf 76' lang='lat' dir='ltr'><strong>(atque)</strong></span> <span class='ocrx_word' id='word_1_264' title='bbox 1277 1434 1312 1462; x_wconf 86' lang='grc' dir='ltr'><strong><em>α</em></strong></span> <span class='ocrx_word' id='word_1_265' title='bbox 1404 1430 1424 1463; x_wconf 89' lang='grc'><strong>5</strong></span> <span class='ocrx_word' id='word_1_266' title='bbox 1464 1419 1566 1477; x_wconf 87' lang='lat' dir='ltr'><strong>aut]</strong></span> <span class='ocrx_word' id='word_1_267' title='bbox 1606 1419 1654 1462; x_wconf 88' lang='lat' dir='ltr'><strong>et</strong></span> <span class='ocrx_word' id='word_1_268' title='bbox 1684 1422 1768 1462; x_wconf 73' lang='grc' dir='ltr'><strong>Πα</strong></span> 
     </span>
     <span class='ocr_line' id='line_1_22' title="bbox 75 1477 1767 1534; baseline -0.001 -12"><span class='ocrx_word' id='word_1_269' title='bbox 75 1489 96 1522; x_wconf 93' lang='grc'><strong>9</strong></span> <span class='ocrx_word' id='word_1_270' title='bbox 127 1477 216 1522; x_wconf 85' lang='lat' dir='ltr'><strong>fac.</strong></span> <span class='ocrx_word' id='word_1_271' title='bbox 243 1478 283 1521; x_wconf 91' lang='lat' dir='ltr'><strong>si</strong></span> <span class='ocrx_word' id='word_1_272' title='bbox 307 1492 411 1521; x_wconf 90' lang='lat' dir='ltr'><strong>eum</strong></span> <span class='ocrx_word' id='word_1_273' title='bbox 436 1477 576 1522; x_wconf 88' lang='lat' dir='ltr'><strong>lunae</strong></span> <span class='ocrx_word' id='word_1_274' title='bbox 598 1491 746 1521; x_wconf 90' lang='lat' dir='ltr'><strong>uenus</strong></span> <span class='ocrx_word' id='word_1_275' title='bbox 774 1478 956 1534; x_wconf 87' lang='lat' dir='ltr'><strong>positae</strong></span> <span class='ocrx_word' id='word_1_276' title='bbox 980 1477 1042 1520; x_wconf 66' lang='lat'><strong>111</strong></span> <span class='ocrx_word' id='word_1_277' title='bbox 1072 1477 1162 1522; x_wconf 85' lang='lat' dir='ltr'><strong>fac.</strong></span> <span class='ocrx_word' id='word_1_278' title='bbox 1188 1477 1227 1522; x_wconf 88' lang='lat' dir='ltr'><strong>si</strong></span> <span class='ocrx_word' id='word_1_279' title='bbox 1259 1477 1326 1521; x_wconf 90' lang='lat' dir='ltr'><strong>sic</strong></span> <span class='ocrx_word' id='word_1_280' title='bbox 1351 1491 1455 1521; x_wconf 90' lang='lat' dir='ltr'><strong>cum</strong></span> <span class='ocrx_word' id='word_1_281' title='bbox 1486 1477 1599 1522; x_wconf 89' lang='lat' dir='ltr'><strong>luna</strong></span> <span class='ocrx_word' id='word_1_282' title='bbox 1621 1491 1767 1521; x_wconf 90' lang='lat' dir='ltr'><strong>uenus</strong></span> 
     </span>
     <span class='ocr_line' id='line_1_23' title="bbox 73 1536 1768 1594; baseline 0 -14"><span class='ocrx_word' id='word_1_283' title='bbox 73 1536 230 1592; x_wconf 87' lang='lat' dir='ltr'><strong>posita</strong></span> <span class='ocrx_word' id='word_1_284' title='bbox 261 1536 323 1580; x_wconf 89' lang='lat' dir='ltr'><strong>sit</strong></span> <span class='ocrx_word' id='word_1_285' title='bbox 352 1537 466 1580; x_wconf 76' lang='lat' dir='ltr'><strong>N²a</strong></span> <span class='ocrx_word' id='word_1_286' title='bbox 530 1550 571 1581; x_wconf 92' lang='grc'><strong>10</strong></span> <span class='ocrx_word' id='word_1_287' title='bbox 603 1537 917 1582; x_wconf 85' lang='lat' dir='ltr'><strong>contentiosas</strong></span> <span class='ocrx_word' id='word_1_288' title='bbox 935 1562 990 1569; x_wconf 96' lang='lat'><strong>—</strong></span> <span class='ocrx_word' id='word_1_289' title='bbox 1009 1537 1377 1582; x_wconf 88' lang='lat' dir='ltr'><strong>conflictationes</strong></span> <span class='ocrx_word' id='word_1_290' title='bbox 1407 1542 1491 1581; x_wconf 74' lang='lat' dir='ltr'><strong>Na</strong></span> <span class='ocrx_word' id='word_1_291' title='bbox 1561 1550 1603 1582; x_wconf 74' lang='lat'><strong>18</strong></span> <span class='ocrx_word' id='word_1_292' title='bbox 1634 1537 1768 1594; x_wconf 89' lang='lat' dir='ltr'><strong>igno—</strong></span> 
     </span>
     <span class='ocr_line' id='line_1_24' title="bbox 74 1595 1766 1654; baseline 0.001 -15"><span class='ocrx_word' id='word_1_293' title='bbox 74 1595 192 1640; x_wconf 90' lang='lat' dir='ltr'><strong>biles</strong></span> <span class='ocrx_word' id='word_1_294' title='bbox 216 1600 255 1639; x_wconf 73' lang='lat' dir='ltr'><strong>R</strong></span> <span class='ocrx_word' id='word_1_295' title='bbox 325 1608 366 1640; x_wconf 88' lang='grc'><strong>19</strong></span> <span class='ocrx_word' id='word_1_296' title='bbox 398 1597 506 1640; x_wconf 90' lang='lat' dir='ltr'><strong>edet</strong></span> <span class='ocrx_word' id='word_1_297' title='bbox 536 1612 571 1640; x_wconf 80' lang='grc' dir='ltr'><em>α</em></span> <span class='ocrx_word' id='word_1_298' title='bbox 598 1599 671 1654; x_wconf 92' lang='grc' dir='ltr'><strong>(Ξ</strong></span> <span class='ocrx_word' id='word_1_299' title='bbox 689 1596 758 1653; x_wconf 81' lang='lat' dir='ltr'><strong>A&#39;)</strong></span> <span class='ocrx_word' id='word_1_300' title='bbox 819 1598 887 1654; x_wconf 93' lang='lat' dir='ltr'><strong>ut]</strong></span> <span class='ocrx_word' id='word_1_301' title='bbox 925 1598 1008 1640; x_wconf 90' lang='lat' dir='ltr'><strong>aut</strong></span> <span class='ocrx_word' id='word_1_302' title='bbox 1038 1601 1122 1641; x_wconf 72' lang='lat' dir='ltr'><strong>Na</strong></span> <span class='ocrx_word' id='word_1_303' title='bbox 1185 1596 1493 1641; x_wconf 90' lang='lat' dir='ltr'><strong>dilaceratum</strong></span> <span class='ocrx_word' id='word_1_304' title='bbox 1526 1596 1592 1640; x_wconf 85' lang='lat' dir='ltr'><strong>eis</strong></span> <span class='ocrx_word' id='word_1_305' title='bbox 1617 1612 1652 1640; x_wconf 89' lang='grc' dir='ltr'><strong><em>α</em></strong></span> <span class='ocrx_word' id='word_1_306' title='bbox 1682 1596 1766 1654; x_wconf 90' lang='lat' dir='ltr'><strong>(eis</strong></span> 
     </span>
     <span class='ocr_line' id='line_1_25' title="bbox 74 1656 1767 1714; baseline -0.001 -14"><span class='ocrx_word' id='word_1_307' title='bbox 74 1661 115 1700; x_wconf 85' lang='lat' dir='ltr'><strong>et</strong></span> <span class='ocrx_word' id='word_1_308' title='bbox 144 1659 199 1712; x_wconf 73' lang='lat' dir='ltr'>R)</span> <span class='ocrx_word' id='word_1_309' title='bbox 284 1669 326 1700; x_wconf 91' lang='grc'><strong>20</strong></span> <span class='ocrx_word' id='word_1_310' title='bbox 356 1669 503 1699; x_wconf 90' lang='lat' dir='ltr'><strong>uenus</strong></span> <span class='ocrx_word' id='word_1_311' title='bbox 534 1660 617 1700; x_wconf 79' lang='lat' dir='ltr'><strong>Na</strong></span> <span class='ocrx_word' id='word_1_312' title='bbox 702 1668 742 1701; x_wconf 92' lang='grc'><strong>22</strong></span> <span class='ocrx_word' id='word_1_313' title='bbox 776 1656 945 1712; x_wconf 89' lang='lat' dir='ltr'><strong>quibus</strong></span> <span class='ocrx_word' id='word_1_314' title='bbox 975 1657 1075 1701; x_wconf 20' lang='lat' dir='ltr'><strong>hab*</strong></span> <span class='ocrx_word' id='word_1_315' title='bbox 1102 1661 1141 1699; x_wconf 77' lang='lat' dir='ltr'>N</span> <span class='ocrx_word' id='word_1_316' title='bbox 1172 1656 1322 1714; x_wconf 84' lang='lat' dir='ltr'><strong>(cuius</strong></span> <span class='ocrx_word' id='word_1_317' title='bbox 1355 1659 1407 1713; x_wconf 86' lang='grc' dir='ltr'><strong>α)</strong></span> <span class='ocrx_word' id='word_1_318' title='bbox 1493 1669 1535 1701; x_wconf 74' lang='grc'><strong>29</strong></span> <span class='ocrx_word' id='word_1_319' title='bbox 1566 1656 1767 1713; x_wconf 88' lang='lat' dir='ltr'><strong>morige-</strong></span> 
     </span>
     <span class='ocr_line' id='line_1_26' title="bbox 72 1715 1766 1773; baseline 0.001 -15"><span class='ocrx_word' id='word_1_320' title='bbox 72 1716 236 1758; x_wconf 82' lang='lat' dir='ltr'><strong>rantur</strong></span> <span class='ocrx_word' id='word_1_321' title='bbox 261 1731 296 1759; x_wconf 88' lang='grc' dir='ltr'><strong><em>α</em></strong></span> <span class='ocrx_word' id='word_1_322' title='bbox 328 1717 403 1772; x_wconf 85' lang='lat' dir='ltr'><strong>(cf.</strong></span> <span class='ocrx_word' id='word_1_323' title='bbox 428 1718 577 1771; x_wconf 70' lang='lat'>11²3)</span> <span class='ocrx_word' id='word_1_324' title='bbox 655 1728 698 1760; x_wconf 90' lang='grc'><strong>26</strong></span> <span class='ocrx_word' id='word_1_325' title='bbox 730 1717 778 1760; x_wconf 92' lang='lat' dir='ltr'><strong>et</strong></span> <span class='ocrx_word' id='word_1_326' title='bbox 806 1717 910 1760; x_wconf 84' lang='lat' dir='ltr'><strong>hab.</strong></span> <span class='ocrx_word' id='word_1_327' title='bbox 936 1730 971 1759; x_wconf 86' lang='grc' dir='ltr'><strong><em>α</em></strong></span> <span class='ocrx_word' id='word_1_328' title='bbox 1002 1717 1076 1773; x_wconf 91' lang='grc' dir='ltr'><strong>(Ξ</strong></span> <span class='ocrx_word' id='word_1_329' title='bbox 1095 1715 1163 1773; x_wconf 82' lang='grc' dir='ltr'><strong>Δ’)</strong></span> <span class='ocrx_word' id='word_1_330' title='bbox 1195 1729 1280 1760; x_wconf 88' lang='lat' dir='ltr'><strong>om.</strong></span> <span class='ocrx_word' id='word_1_331' title='bbox 1304 1720 1343 1758; x_wconf 76' lang='lat' dir='ltr'>N</span> <span class='ocrx_word' id='word_1_332' title='bbox 1404 1729 1526 1771; x_wconf 89' lang='lat' dir='ltr'><strong>quae</strong></span> <span class='ocrx_word' id='word_1_333' title='bbox 1555 1717 1656 1761; x_wconf 81' lang='lat' dir='ltr'><strong>hab.</strong></span> <span class='ocrx_word' id='word_1_334' title='bbox 1682 1721 1766 1759; x_wconf 77' lang='lat' dir='ltr'><strong>Na</strong></span> 
     </span>
     <span class='ocr_line' id='line_1_27' title="bbox 74 1773 1768 1834; baseline 0.001 -16"><span class='ocrx_word' id='word_1_335' title='bbox 74 1786 115 1818; x_wconf 76' lang='lat'><strong>27</strong></span> <span class='ocrx_word' id='word_1_336' title='bbox 146 1773 289 1818; x_wconf 88' lang='lat' dir='ltr'><strong>fuerit</strong></span> <span class='ocrx_word' id='word_1_337' title='bbox 326 1788 411 1819; x_wconf 89' lang='lat' dir='ltr'><strong>om.</strong></span> <span class='ocrx_word' id='word_1_338' title='bbox 444 1790 479 1819; x_wconf 86' lang='grc' dir='ltr'>α</span> <span class='ocrx_word' id='word_1_339' title='bbox 510 1775 686 1819; x_wconf 83' lang='lat' dir='ltr'><strong>fuerint</strong></span> <span class='ocrx_word' id='word_1_340' title='bbox 714 1779 754 1818; x_wconf 73' lang='lat' dir='ltr'>N</span> <span class='ocrx_word' id='word_1_341' title='bbox 838 1787 880 1819; x_wconf 80' lang='grc'><strong>28</strong></span> <span class='ocrx_word' id='word_1_342' title='bbox 922 1775 1034 1834; x_wconf 86' lang='lat' dir='ltr'><strong>&lt;eos</strong></span> <span class='ocrx_word' id='word_1_343' title='bbox 1074 1775 1156 1830; x_wconf 91' lang='lat' dir='ltr'><strong>qui</strong></span> <span class='ocrx_word' id='word_1_344' title='bbox 1195 1775 1297 1819; x_wconf 86' lang='lat' dir='ltr'><strong>nati</strong></span> <span class='ocrx_word' id='word_1_345' title='bbox 1335 1774 1543 1834; x_wconf 87' lang='lat' dir='ltr'><strong>fuerint&gt;</strong></span> <span class='ocrx_word' id='word_1_346' title='bbox 1586 1775 1768 1832; x_wconf 84' lang='lat' dir='ltr'><strong>exposi-</strong></span> 
     </span>
     <span class='ocr_line' id='line_1_28' title="bbox 73 1833 1767 1891; baseline 0.002 -15"><span class='ocrx_word' id='word_1_347' title='bbox 73 1835 147 1877; x_wconf 87' lang='lat' dir='ltr'><strong>tos</strong></span> <span class='ocrx_word' id='word_1_348' title='bbox 170 1838 253 1878; x_wconf 76' lang='lat' dir='ltr'><strong>Na</strong></span> <span class='ocrx_word' id='word_1_349' title='bbox 316 1835 363 1878; x_wconf 87' lang='lat' dir='ltr'><strong>et</strong></span> <span class='ocrx_word' id='word_1_350' title='bbox 386 1848 470 1878; x_wconf 85' lang='lat' dir='ltr'><strong>om.</strong></span> <span class='ocrx_word' id='word_1_351' title='bbox 494 1838 578 1878; x_wconf 77' lang='lat' dir='ltr'><strong>Na</strong></span> <span class='ocrx_word' id='word_1_352' title='bbox 633 1834 794 1878; x_wconf 88' lang='lat' dir='ltr'><strong>statim</strong></span> <span class='ocrx_word' id='word_1_353' title='bbox 818 1834 1001 1878; x_wconf 89' lang='lat' dir='ltr'><strong>faciunt</strong></span> <span class='ocrx_word' id='word_1_354' title='bbox 1023 1848 1107 1879; x_wconf 87' lang='lat' dir='ltr'><strong>om.</strong></span> <span class='ocrx_word' id='word_1_355' title='bbox 1132 1839 1172 1877; x_wconf 71' lang='lat' dir='ltr'>N</span> <span class='ocrx_word' id='word_1_356' title='bbox 1235 1833 1325 1878; x_wconf 81' lang='lat'><strong>147</strong></span> <span class='ocrx_word' id='word_1_357' title='bbox 1343 1847 1363 1879; x_wconf 87' lang='grc'><strong>6</strong></span> <span class='ocrx_word' id='word_1_358' title='bbox 1396 1834 1767 1891; x_wconf 86' lang='lat' dir='ltr'><strong>qualitatemque</strong></span> 
     </span>
     <span class='ocr_line' id='line_1_29' title="bbox 72 1893 1766 1951; baseline 0.001 -14"><span class='ocrx_word' id='word_1_359' title='bbox 72 1893 175 1937; x_wconf 85' lang='lat' dir='ltr'><strong>hab.</strong></span> <span class='ocrx_word' id='word_1_360' title='bbox 199 1894 257 1951; x_wconf 72' lang='lat' dir='ltr'><strong>N]</strong></span> <span class='ocrx_word' id='word_1_361' title='bbox 290 1893 596 1949; x_wconf 85' lang='lat' dir='ltr'><strong>equalitatem</strong></span> <span class='ocrx_word' id='word_1_362' title='bbox 620 1909 655 1938; x_wconf 85' lang='grc' dir='ltr'><strong>α</strong></span> <span class='ocrx_word' id='word_1_363' title='bbox 718 1907 736 1938; x_wconf 81' lang='lat'><strong>‘1</strong></span> <span class='ocrx_word' id='word_1_364' title='bbox 769 1894 974 1938; x_wconf 86' lang='lat' dir='ltr'><strong>tenuerit</strong></span> <span class='ocrx_word' id='word_1_365' title='bbox 1002 1895 1105 1939; x_wconf 84' lang='lat' dir='ltr'><strong>hab.</strong></span> <span class='ocrx_word' id='word_1_366' title='bbox 1130 1898 1214 1938; x_wconf 77' lang='lat' dir='ltr'><strong>Na</strong></span> <span class='ocrx_word' id='word_1_367' title='bbox 1240 1896 1314 1949; x_wconf 92' lang='lat'><strong>(=</strong></span> <span class='ocrx_word' id='word_1_368' title='bbox 1332 1893 1402 1951; x_wconf 85' lang='lat' dir='ltr'><strong>A&#39;)</strong></span> <span class='ocrx_word' id='word_1_369' title='bbox 1463 1907 1485 1939; x_wconf 83' lang='lat' dir='ltr'><strong>s</strong></span> <span class='ocrx_word' id='word_1_370' title='bbox 1516 1894 1589 1938; x_wconf 84' lang='lat' dir='ltr'><strong>vel</strong></span> <span class='ocrx_word' id='word_1_371' title='bbox 1621 1908 1705 1938; x_wconf 87' lang='lat' dir='ltr'><strong>om.</strong></span> <span class='ocrx_word' id='word_1_372' title='bbox 1731 1910 1766 1939; x_wconf 85' lang='grc' dir='ltr'>α</span> 
     </span>
     <span class='ocr_line' id='line_1_30' title="bbox 75 1953 1765 2012; baseline 0.002 -17"><span class='ocrx_word' id='word_1_373' title='bbox 75 1953 158 1995; x_wconf 91' lang='lat' dir='ltr'><strong>aut</strong></span> <span class='ocrx_word' id='word_1_374' title='bbox 188 1966 272 1997; x_wconf 87' lang='lat' dir='ltr'><strong>om.</strong></span> <span class='ocrx_word' id='word_1_375' title='bbox 296 1957 335 1995; x_wconf 71' lang='lat' dir='ltr'>N</span> <span class='ocrx_word' id='word_1_376' title='bbox 359 1955 433 2009; x_wconf 91' lang='lat'><strong>(=</strong></span> <span class='ocrx_word' id='word_1_377' title='bbox 451 1956 506 2006; x_wconf 89' lang='lat' dir='ltr'>V)</span> <span class='ocrx_word' id='word_1_378' title='bbox 569 1954 634 2012; x_wconf 91' lang='lat' dir='ltr'><strong>et]</strong></span> <span class='ocrx_word' id='word_1_379' title='bbox 667 1953 739 1996; x_wconf 89' lang='lat' dir='ltr'><strong>vel</strong></span> <span class='ocrx_word' id='word_1_380' title='bbox 769 1958 808 1996; x_wconf 73' lang='lat' dir='ltr'>N</span> <span class='ocrx_word' id='word_1_381' title='bbox 877 1966 896 1998; x_wconf 87' lang='lat'>9</span> <span class='ocrx_word' id='word_1_382' title='bbox 929 1953 1027 2012; x_wconf 90' lang='lat' dir='ltr'><strong>[de]</strong></span> <span class='ocrx_word' id='word_1_383' title='bbox 1061 1953 1339 2009; x_wconf 87' lang='lat' dir='ltr'><strong>quadratum</strong></span> <span class='ocrx_word' id='word_1_384' title='bbox 1373 1969 1407 1997; x_wconf 89' lang='grc' dir='ltr'><strong><em>α</em></strong></span> <span class='ocrx_word' id='word_1_385' title='bbox 1482 1966 1523 1998; x_wconf 89' lang='grc'><strong>12</strong></span> <span class='ocrx_word' id='word_1_386' title='bbox 1556 1953 1652 1998; x_wconf 88' lang='lat' dir='ltr'><strong>alia</strong></span> <span class='ocrx_word' id='word_1_387' title='bbox 1682 1958 1765 1998; x_wconf 77' lang='lat' dir='ltr'><strong>Na</strong></span> 
     </span>
     <span class='ocr_line' id='line_1_31' title="bbox 75 2012 1765 2069; baseline 0.001 -14"><span class='ocrx_word' id='word_1_388' title='bbox 75 2023 117 2055; x_wconf 90' lang='grc'><strong>15</strong></span> <span class='ocrx_word' id='word_1_389' title='bbox 149 2025 270 2067; x_wconf 88' lang='lat' dir='ltr'><strong>quae</strong></span> <span class='ocrx_word' id='word_1_390' title='bbox 299 2013 402 2057; x_wconf 84' lang='lat' dir='ltr'><strong>hab.</strong></span> <span class='ocrx_word' id='word_1_391' title='bbox 426 2017 511 2056; x_wconf 72' lang='lat' dir='ltr'><strong>Na</strong></span> <span class='ocrx_word' id='word_1_392' title='bbox 604 2025 646 2057; x_wconf 83' lang='grc'><strong>16</strong></span> <span class='ocrx_word' id='word_1_393' title='bbox 677 2012 889 2069; x_wconf 87' lang='lat' dir='ltr'><strong>impurae</strong></span> <span class='ocrx_word' id='word_1_394' title='bbox 921 2014 969 2057; x_wconf 89' lang='lat' dir='ltr'><strong>et</strong></span> <span class='ocrx_word' id='word_1_395' title='bbox 999 2012 1267 2069; x_wconf 84' lang='lat' dir='ltr'><strong>impudicae</strong></span> <span class='ocrx_word' id='word_1_396' title='bbox 1297 2014 1399 2058; x_wconf 84' lang='lat' dir='ltr'><strong>hab.</strong></span> <span class='ocrx_word' id='word_1_397' title='bbox 1431 2017 1471 2055; x_wconf 69' lang='lat' dir='ltr'>N</span> <span class='ocrx_word' id='word_1_398' title='bbox 1561 2025 1604 2058; x_wconf 87' lang='lat'><strong>20</strong></span> <span class='ocrx_word' id='word_1_399' title='bbox 1633 2013 1765 2057; x_wconf 86' lang='lat' dir='ltr'><strong>tarde</strong></span> 
     </span>
     <span class='ocr_line' id='line_1_32' title="bbox 76 2070 1767 2132; baseline 0.001 -18"><span class='ocrx_word' id='word_1_400' title='bbox 76 2070 211 2114; x_wconf 88' lang='lat' dir='ltr'><strong>dabit</strong></span> <span class='ocrx_word' id='word_1_401' title='bbox 235 2086 269 2115; x_wconf 88' lang='grc' dir='ltr'><strong><em>α</em></strong></span> <span class='ocrx_word' id='word_1_402' title='bbox 294 2073 367 2127; x_wconf 94' lang='grc' dir='ltr'><strong>(Ξ</strong></span> <span class='ocrx_word' id='word_1_403' title='bbox 386 2071 475 2130; x_wconf 80' lang='lat' dir='ltr'>A&#39;)]</span> <span class='ocrx_word' id='word_1_404' title='bbox 508 2071 718 2115; x_wconf 80' lang='lat' dir='ltr'><strong>tardabit</strong></span> <span class='ocrx_word' id='word_1_405' title='bbox 741 2077 780 2114; x_wconf 72' lang='lat' dir='ltr'>N</span> <span class='ocrx_word' id='word_1_406' title='bbox 842 2084 883 2116; x_wconf 79' lang='grc'><strong>29</strong></span> <span class='ocrx_word' id='word_1_407' title='bbox 917 2074 964 2116; x_wconf 90' lang='lat' dir='ltr'><strong>et</strong></span> <span class='ocrx_word' id='word_1_408' title='bbox 986 2073 1089 2116; x_wconf 81' lang='lat' dir='ltr'><strong>hab.</strong></span> <span class='ocrx_word' id='word_1_409' title='bbox 1114 2077 1153 2114; x_wconf 78' lang='lat' dir='ltr'>N</span> <span class='ocrx_word' id='word_1_410' title='bbox 1184 2086 1269 2117; x_wconf 86' lang='lat' dir='ltr'><strong>om.</strong></span> <span class='ocrx_word' id='word_1_411' title='bbox 1295 2088 1330 2116; x_wconf 87' lang='grc' dir='ltr'><strong>α</strong></span> <span class='ocrx_word' id='word_1_412' title='bbox 1392 2085 1434 2117; x_wconf 85' lang='grc'><strong>26</strong></span> <span class='ocrx_word' id='word_1_413' title='bbox 1458 2072 1539 2128; x_wconf 89' lang='lat' dir='ltr'><strong>qui</strong></span> <span class='ocrx_word' id='word_1_414' title='bbox 1566 2072 1700 2132; x_wconf 80' lang='lat' dir='ltr'><strong>(sic)</strong></span> <span class='ocrx_word' id='word_1_415' title='bbox 1727 2077 1767 2115; x_wconf 71' lang='lat' dir='ltr'>N</span> 
     </span>
     <span class='ocr_line' id='line_1_33' title="bbox 74 2130 1767 2188; baseline 0 -14"><span class='ocrx_word' id='word_1_416' title='bbox 74 2142 115 2174; x_wconf 75' lang='grc'><strong>21</strong></span> <span class='ocrx_word' id='word_1_417' title='bbox 140 2130 480 2187; x_wconf 86' lang='lat' dir='ltr'><strong>proscriptione</strong></span> <span class='ocrx_word' id='word_1_418' title='bbox 496 2132 558 2174; x_wconf 59' lang='grc' dir='ltr'><strong>Νι</strong></span> <span class='ocrx_word' id='word_1_419' title='bbox 581 2133 657 2175; x_wconf 82' lang='lat' dir='ltr'><strong>im.</strong></span> <span class='ocrx_word' id='word_1_420' title='bbox 691 2130 997 2187; x_wconf 89' lang='lat' dir='ltr'><strong>dissipatione</strong></span> <span class='ocrx_word' id='word_1_421' title='bbox 1021 2133 1073 2175; x_wconf 75' lang='lat' dir='ltr'><strong>in</strong></span> <span class='ocrx_word' id='word_1_422' title='bbox 1097 2137 1222 2176; x_wconf 79' lang='lat' dir='ltr'><strong>textu</strong></span> <span class='ocrx_word' id='word_1_423' title='bbox 1284 2144 1325 2175; x_wconf 83' lang='grc'><strong>28</strong></span> <span class='ocrx_word' id='word_1_424' title='bbox 1349 2146 1470 2175; x_wconf 90' lang='lat' dir='ltr'><strong>mors</strong></span> <span class='ocrx_word' id='word_1_425' title='bbox 1494 2136 1578 2175; x_wconf 75' lang='lat' dir='ltr'><strong>Na</strong></span> <span class='ocrx_word' id='word_1_426' title='bbox 1602 2134 1677 2188; x_wconf 90' lang='lat'><strong>(=</strong></span> <span class='ocrx_word' id='word_1_427' title='bbox 1696 2131 1767 2188; x_wconf 77' lang='lat' dir='ltr'><strong>A&#39;)</strong></span> 
     </span>
     <span class='ocr_line' id='line_1_34' title="bbox 75 2188 1766 2248; baseline 0.001 -16"><span class='ocrx_word' id='word_1_428' title='bbox 75 2188 384 2234; x_wconf 86' lang='lat' dir='ltr'><strong>defluxionem</strong></span> <span class='ocrx_word' id='word_1_429' title='bbox 415 2195 454 2233; x_wconf 75' lang='lat' dir='ltr'>N</span> <span class='ocrx_word' id='word_1_430' title='bbox 479 2193 551 2246; x_wconf 87' lang='lat'><strong>(=</strong></span> <span class='ocrx_word' id='word_1_431' title='bbox 570 2194 624 2247; x_wconf 94' lang='lat' dir='ltr'><strong>V)</strong></span> <span class='ocrx_word' id='word_1_432' title='bbox 694 2203 735 2235; x_wconf 93' lang='grc'><strong>29</strong></span> <span class='ocrx_word' id='word_1_433' title='bbox 766 2204 1052 2247; x_wconf 86' lang='lat' dir='ltr'><strong>perpaspum</strong></span> <span class='ocrx_word' id='word_1_434' title='bbox 1083 2195 1122 2233; x_wconf 72' lang='lat' dir='ltr'>N</span> <span class='ocrx_word' id='word_1_435' title='bbox 1147 2195 1219 2247; x_wconf 89' lang='lat'><strong>(=</strong></span> <span class='ocrx_word' id='word_1_436' title='bbox 1245 2194 1353 2248; x_wconf 73' lang='lat' dir='ltr'>MV)</span> <span class='ocrx_word' id='word_1_437' title='bbox 1424 2204 1467 2235; x_wconf 82' lang='grc'><strong>90</strong></span> <span class='ocrx_word' id='word_1_438' title='bbox 1500 2190 1766 2247; x_wconf 88' lang='lat' dir='ltr'><strong>apoplexim</strong></span> 
     </span>
     <span class='ocr_line' id='line_1_35' title="bbox 73 2247 1766 2307; baseline 0.002 -16"><span class='ocrx_word' id='word_1_439' title='bbox 73 2247 220 2292; x_wconf 85' lang='lat' dir='ltr'><strong>fertur</strong></span> <span class='ocrx_word' id='word_1_440' title='bbox 249 2254 332 2293; x_wconf 71' lang='lat' dir='ltr'><strong>Na</strong></span> <span class='ocrx_word' id='word_1_441' title='bbox 436 2248 569 2294; x_wconf 78' lang='lat'>1482</span> <span class='ocrx_word' id='word_1_442' title='bbox 608 2263 781 2307; x_wconf 90' lang='lat' dir='ltr'><strong>magna</strong></span> <span class='ocrx_word' id='word_1_443' title='bbox 811 2254 850 2292; x_wconf 71' lang='lat' dir='ltr'>N</span> <span class='ocrx_word' id='word_1_444' title='bbox 941 2262 960 2294; x_wconf 92' lang='grc'><strong>5</strong></span> <span class='ocrx_word' id='word_1_445' title='bbox 994 2250 1034 2294; x_wconf 91' lang='lat' dir='ltr'><strong>si</strong></span> <span class='ocrx_word' id='word_1_446' title='bbox 1072 2249 1189 2294; x_wconf 87' lang='lat' dir='ltr'><strong>fuer.</strong></span> <span class='ocrx_word' id='word_1_447' title='bbox 1229 2250 1287 2294; x_wconf 83' lang='lat' dir='ltr'><strong>ab</strong></span> <span class='ocrx_word' id='word_1_448' title='bbox 1327 2250 1426 2295; x_wconf 87' lang='lat' dir='ltr'><strong>hor.</strong></span> <span class='ocrx_word' id='word_1_449' title='bbox 1462 2254 1501 2293; x_wconf 73' lang='grc' dir='ltr'><strong>Ν</strong></span> <span class='ocrx_word' id='word_1_450' title='bbox 1544 2251 1584 2294; x_wconf 88' lang='lat' dir='ltr'><strong>si</strong></span> <span class='ocrx_word' id='word_1_451' title='bbox 1623 2250 1766 2294; x_wconf 85' lang='lat' dir='ltr'><strong>fuerit</strong></span> 
     </span>
     <span class='ocr_line' id='line_1_36' title="bbox 74 2307 1766 2368; baseline 0.001 -16"><span class='ocrx_word' id='word_1_452' title='bbox 74 2321 158 2352; x_wconf 88' lang='lat' dir='ltr'><strong>om.</strong></span> <span class='ocrx_word' id='word_1_453' title='bbox 183 2323 218 2352; x_wconf 85' lang='grc' dir='ltr'>α</span> <span class='ocrx_word' id='word_1_454' title='bbox 279 2321 300 2352; x_wconf 84' lang='grc'>8</span> <span class='ocrx_word' id='word_1_455' title='bbox 333 2309 519 2354; x_wconf 90' lang='lat' dir='ltr'><strong>sordide</strong></span> <span class='ocrx_word' id='word_1_456' title='bbox 541 2313 625 2352; x_wconf 74' lang='lat' dir='ltr'><strong>Na</strong></span> <span class='ocrx_word' id='word_1_457' title='bbox 651 2312 723 2365; x_wconf 93' lang='lat'><strong>(=</strong></span> <span class='ocrx_word' id='word_1_458' title='bbox 741 2307 857 2365; x_wconf 80' lang='lat' dir='ltr'>A&#39;V)</span> <span class='ocrx_word' id='word_1_459' title='bbox 919 2321 939 2353; x_wconf 84' lang='grc'><strong>9</strong></span> <span class='ocrx_word' id='word_1_460' title='bbox 971 2310 1037 2368; x_wconf 89' lang='lat' dir='ltr'><strong>et]</strong></span> <span class='ocrx_word' id='word_1_461' title='bbox 1069 2311 1124 2352; x_wconf 91' lang='lat' dir='ltr'><strong>nt</strong></span> <span class='ocrx_word' id='word_1_462' title='bbox 1146 2314 1186 2352; x_wconf 72' lang='lat' dir='ltr'>N</span> <span class='ocrx_word' id='word_1_463' title='bbox 1247 2322 1288 2354; x_wconf 91' lang='lat'><strong>10</strong></span> <span class='ocrx_word' id='word_1_464' title='bbox 1319 2309 1586 2354; x_wconf 88' lang='lat' dir='ltr'><strong>hominibus</strong></span> <span class='ocrx_word' id='word_1_465' title='bbox 1618 2324 1702 2354; x_wconf 85' lang='lat' dir='ltr'><strong>om.</strong></span> <span class='ocrx_word' id='word_1_466' title='bbox 1727 2315 1766 2353; x_wconf 77' lang='lat' dir='ltr'>N</span> 
     </span>
     <span class='ocr_line' id='line_1_37' title="bbox 75 2367 1766 2426; baseline 0.001 -15"><span class='ocrx_word' id='word_1_467' title='bbox 75 2380 117 2411; x_wconf 91' lang='grc'><strong>12</strong></span> <span class='ocrx_word' id='word_1_468' title='bbox 150 2367 295 2411; x_wconf 88' lang='lat' dir='ltr'><strong>etiam</strong></span> <span class='ocrx_word' id='word_1_469' title='bbox 327 2383 362 2412; x_wconf 86' lang='grc' dir='ltr'>α</span> <span class='ocrx_word' id='word_1_470' title='bbox 395 2370 468 2425; x_wconf 92' lang='grc' dir='ltr'><strong>(Ξ</strong></span> <span class='ocrx_word' id='word_1_471' title='bbox 487 2367 577 2426; x_wconf 76' lang='lat' dir='ltr'>A&#39;)]</span> <span class='ocrx_word' id='word_1_472' title='bbox 623 2381 699 2412; x_wconf 91' lang='lat' dir='ltr'><strong>eos</strong></span> <span class='ocrx_word' id='word_1_473' title='bbox 731 2373 770 2411; x_wconf 75' lang='lat' dir='ltr'>N</span> <span class='ocrx_word' id='word_1_474' title='bbox 802 2371 874 2423; x_wconf 93' lang='lat'><strong>(=</strong></span> <span class='ocrx_word' id='word_1_475' title='bbox 893 2371 947 2423; x_wconf 94' lang='lat' dir='ltr'><strong>V)</strong></span> <span class='ocrx_word' id='word_1_476' title='bbox 1040 2381 1080 2412; x_wconf 76' lang='grc'><strong>17</strong></span> <span class='ocrx_word' id='word_1_477' title='bbox 1112 2368 1384 2413; x_wconf 85' lang='lat' dir='ltr'><strong>imbuantur</strong></span> <span class='ocrx_word' id='word_1_478' title='bbox 1413 2373 1452 2411; x_wconf 76' lang='lat' dir='ltr'>N</span> <span class='ocrx_word' id='word_1_479' title='bbox 1484 2372 1556 2426; x_wconf 83' lang='lat'><strong>(=</strong></span> <span class='ocrx_word' id='word_1_480' title='bbox 1574 2374 1629 2426; x_wconf 91' lang='lat' dir='ltr'><strong>V)</strong></span> <span class='ocrx_word' id='word_1_481' title='bbox 1669 2372 1766 2412; x_wconf 90' lang='lat' dir='ltr'><strong>stu-</strong></span> 
     </span>
     <span class='ocr_line' id='line_1_38' title="bbox 75 2426 1765 2484; baseline 0.002 -15"><span class='ocrx_word' id='word_1_482' title='bbox 75 2426 219 2470; x_wconf 88' lang='lat' dir='ltr'><strong>deant</strong></span> <span class='ocrx_word' id='word_1_483' title='bbox 250 2442 285 2471; x_wconf 82' lang='grc' dir='ltr'><em>α</em></span> <span class='ocrx_word' id='word_1_484' title='bbox 362 2439 403 2472; x_wconf 85' lang='lat'><strong>18</strong></span> <span class='ocrx_word' id='word_1_485' title='bbox 435 2441 491 2471; x_wconf 86' lang='lat' dir='ltr'><strong>ex</strong></span> <span class='ocrx_word' id='word_1_486' title='bbox 523 2427 710 2484; x_wconf 89' lang='lat' dir='ltr'><strong>templis</strong></span> <span class='ocrx_word' id='word_1_487' title='bbox 741 2429 844 2472; x_wconf 83' lang='lat' dir='ltr'><strong>hab.</strong></span> <span class='ocrx_word' id='word_1_488' title='bbox 868 2432 951 2471; x_wconf 74' lang='lat' dir='ltr'><strong>Na</strong></span> <span class='ocrx_word' id='word_1_489' title='bbox 985 2430 1057 2484; x_wconf 93' lang='lat'><strong>(=</strong></span> <span class='ocrx_word' id='word_1_490' title='bbox 1076 2427 1144 2484; x_wconf 79' lang='lat' dir='ltr'><strong>A‘)</strong></span> <span class='ocrx_word' id='word_1_491' title='bbox 1214 2441 1255 2473; x_wconf 87' lang='lat'><strong>19</strong></span> <span class='ocrx_word' id='word_1_492' title='bbox 1287 2441 1504 2472; x_wconf 87' lang='lat' dir='ltr'><strong>uenerem</strong></span> <span class='ocrx_word' id='word_1_493' title='bbox 1538 2428 1765 2472; x_wconf 88' lang='lat' dir='ltr'><strong>constitu-</strong></span> 
     </span>
     <span class='ocr_line' id='line_1_39' title="bbox 73 2486 1764 2544; baseline 0.002 -16"><span class='ocrx_word' id='word_1_494' title='bbox 73 2487 241 2529; x_wconf 76' lang='lat' dir='ltr'><strong>tam.N</strong></span> <span class='ocrx_word' id='word_1_495' title='bbox 271 2501 419 2530; x_wconf 90' lang='lat' dir='ltr'><strong>uenus</strong></span> <span class='ocrx_word' id='word_1_496' title='bbox 452 2486 708 2531; x_wconf 87' lang='lat' dir='ltr'><strong>constituta</strong></span> <span class='ocrx_word' id='word_1_497' title='bbox 740 2502 774 2531; x_wconf 83' lang='grc' dir='ltr'>α</span> <span class='ocrx_word' id='word_1_498' title='bbox 852 2500 893 2532; x_wconf 89' lang='grc'><strong>21</strong></span> <span class='ocrx_word' id='word_1_499' title='bbox 925 2502 1008 2544; x_wconf 89' lang='lat' dir='ltr'><strong>per</strong></span> <span class='ocrx_word' id='word_1_500' title='bbox 1039 2502 1123 2532; x_wconf 88' lang='lat' dir='ltr'><strong>om.</strong></span> <span class='ocrx_word' id='word_1_501' title='bbox 1155 2492 1238 2531; x_wconf 74' lang='lat' dir='ltr'><strong>Na</strong></span> <span class='ocrx_word' id='word_1_502' title='bbox 1323 2500 1365 2532; x_wconf 89' lang='grc'><strong>22</strong></span> <span class='ocrx_word' id='word_1_503' title='bbox 1396 2487 1614 2532; x_wconf 88' lang='lat' dir='ltr'><strong>mulieres</strong></span> <span class='ocrx_word' id='word_1_504' title='bbox 1646 2502 1764 2533; x_wconf 86' lang='lat' dir='ltr'><strong>sem-</strong></span> 
     </span>
     <span class='ocr_line' id='line_1_40' title="bbox 73 2545 1765 2606; baseline 0.001 -18"><span class='ocrx_word' id='word_1_505' title='bbox 73 2558 158 2600; x_wconf 87' lang='lat' dir='ltr'><strong>per</strong></span> <span class='ocrx_word' id='word_1_506' title='bbox 186 2549 225 2587; x_wconf 70' lang='lat' dir='ltr'>N</span> <span class='ocrx_word' id='word_1_507' title='bbox 257 2548 330 2602; x_wconf 85' lang='lat'><strong>(=</strong></span> <span class='ocrx_word' id='word_1_508' title='bbox 347 2548 402 2603; x_wconf 89' lang='lat' dir='ltr'><strong>V)</strong></span> <span class='ocrx_word' id='word_1_509' title='bbox 493 2558 536 2591; x_wconf 81' lang='grc'><strong>29</strong></span> <span class='ocrx_word' id='word_1_510' title='bbox 568 2559 678 2603; x_wconf 87' lang='lat' dir='ltr'><strong>ergo</strong></span> <span class='ocrx_word' id='word_1_511' title='bbox 717 2560 802 2590; x_wconf 88' lang='lat' dir='ltr'><strong>om.</strong></span> <span class='ocrx_word' id='word_1_512' title='bbox 834 2561 870 2590; x_wconf 83' lang='grc' dir='ltr'><strong><em>α</em></strong></span> <span class='ocrx_word' id='word_1_513' title='bbox 902 2548 975 2603; x_wconf 94' lang='grc' dir='ltr'><strong>(Ξ</strong></span> <span class='ocrx_word' id='word_1_514' title='bbox 994 2545 1063 2603; x_wconf 82' lang='lat' dir='ltr'><strong>A&#39;)</strong></span> <span class='ocrx_word' id='word_1_515' title='bbox 1102 2547 1204 2592; x_wconf 83' lang='lat' dir='ltr'><strong>hab.</strong></span> <span class='ocrx_word' id='word_1_516' title='bbox 1236 2551 1276 2589; x_wconf 78' lang='lat' dir='ltr'>N</span> <span class='ocrx_word' id='word_1_517' title='bbox 1366 2560 1407 2592; x_wconf 79' lang='grc'><strong>27</strong></span> <span class='ocrx_word' id='word_1_518' title='bbox 1443 2547 1540 2606; x_wconf 86' lang='lat' dir='ltr'><strong>&lt;a&gt;</strong></span> <span class='ocrx_word' id='word_1_519' title='bbox 1582 2547 1694 2592; x_wconf 91' lang='lat' dir='ltr'><strong>mul.</strong></span> <span class='ocrx_word' id='word_1_520' title='bbox 1725 2552 1765 2590; x_wconf 73' lang='lat' dir='ltr'>N</span> 
     </span>
     <span class='ocr_line' id='line_1_41' title="bbox 75 2603 1764 2664; baseline 0.002 -17"><span class='ocrx_word' id='word_1_521' title='bbox 75 2616 117 2648; x_wconf 88' lang='grc'><strong>29</strong></span> <span class='ocrx_word' id='word_1_522' title='bbox 149 2603 232 2648; x_wconf 87' lang='lat' dir='ltr'><strong>alii</strong></span> <span class='ocrx_word' id='word_1_523' title='bbox 265 2604 457 2664; x_wconf 85' lang='lat' dir='ltr'><strong>&lt;enim&gt;</strong></span> <span class='ocrx_word' id='word_1_524' title='bbox 484 2621 519 2649; x_wconf 84' lang='grc' dir='ltr'>α</span> <span class='ocrx_word' id='word_1_525' title='bbox 580 2619 708 2662; x_wconf 87' lang='lat' dir='ltr'><strong>proc.</strong></span> <span class='ocrx_word' id='word_1_526' title='bbox 732 2604 842 2649; x_wconf 92' lang='lat' dir='ltr'><strong>mul.</strong></span> <span class='ocrx_word' id='word_1_527' title='bbox 866 2610 905 2647; x_wconf 73' lang='lat' dir='ltr'>N</span> <span class='ocrx_word' id='word_1_528' title='bbox 930 2607 1002 2662; x_wconf 95' lang='lat'><strong>(=</strong></span> <span class='ocrx_word' id='word_1_529' title='bbox 1021 2609 1076 2663; x_wconf 93' lang='lat' dir='ltr'><strong>V)</strong></span> <span class='ocrx_word' id='word_1_530' title='bbox 1148 2604 1281 2650; x_wconf 77' lang='lat'>1494</span> <span class='ocrx_word' id='word_1_531' title='bbox 1313 2620 1367 2650; x_wconf 90' lang='lat' dir='ltr'><strong>ac</strong></span> <span class='ocrx_word' id='word_1_532' title='bbox 1398 2621 1482 2651; x_wconf 85' lang='lat' dir='ltr'><strong>om.</strong></span> <span class='ocrx_word' id='word_1_533' title='bbox 1508 2621 1543 2650; x_wconf 88' lang='grc' dir='ltr'><strong><em>α</em></strong></span> <span class='ocrx_word' id='word_1_534' title='bbox 1606 2620 1764 2650; x_wconf 86' lang='lat' dir='ltr'><strong>neces—</strong></span> 
     </span>
     <span class='ocr_line' id='line_1_42' title="bbox 75 2663 1764 2721; baseline 0.002 -16"><span class='ocrx_word' id='word_1_535' title='bbox 75 2663 210 2706; x_wconf 87' lang='lat' dir='ltr'><strong>sariis</strong></span> <span class='ocrx_word' id='word_1_536' title='bbox 241 2667 325 2708; x_wconf 76' lang='lat' dir='ltr'><strong>Na</strong></span> <span class='ocrx_word' id='word_1_537' title='bbox 387 2666 434 2708; x_wconf 90' lang='lat' dir='ltr'><strong>et</strong></span> <span class='ocrx_word' id='word_1_538' title='bbox 464 2678 548 2709; x_wconf 89' lang='lat' dir='ltr'><strong>om.</strong></span> <span class='ocrx_word' id='word_1_539' title='bbox 573 2669 658 2708; x_wconf 73' lang='lat' dir='ltr'><strong>Na</strong></span> <span class='ocrx_word' id='word_1_540' title='bbox 727 2677 748 2708; x_wconf 92' lang='grc'><strong>5</strong></span> <span class='ocrx_word' id='word_1_541' title='bbox 780 2665 1035 2709; x_wconf 88' lang='lat' dir='ltr'><strong>adorantur</strong></span> <span class='ocrx_word' id='word_1_542' title='bbox 1064 2669 1104 2708; x_wconf 72' lang='lat' dir='ltr'>N</span> <span class='ocrx_word' id='word_1_543' title='bbox 1134 2667 1207 2720; x_wconf 90' lang='lat'><strong>(=</strong></span> <span class='ocrx_word' id='word_1_544' title='bbox 1232 2669 1341 2721; x_wconf 71' lang='lat' dir='ltr'>HV)</span> <span class='ocrx_word' id='word_1_545' title='bbox 1410 2678 1451 2709; x_wconf 80' lang='lat'><strong>13</strong></span> <span class='ocrx_word' id='word_1_546' title='bbox 1482 2666 1661 2710; x_wconf 85' lang='lat' dir='ltr'><strong>venerit</strong></span> <span class='ocrx_word' id='word_1_547' title='bbox 1692 2665 1764 2710; x_wconf 90' lang='lat' dir='ltr'><strong>vel</strong></span> 
     </span>
     <span class='ocr_line' id='line_1_43' title="bbox 72 2722 1762 2782; baseline 0.001 -16"><span class='ocrx_word' id='word_1_548' title='bbox 72 2722 176 2767; x_wconf 85' lang='lat' dir='ltr'><strong>hab.</strong></span> <span class='ocrx_word' id='word_1_549' title='bbox 200 2726 278 2766; x_wconf 74' lang='lat' dir='ltr'><strong>Na</strong></span> <span class='ocrx_word' id='word_1_550' title='bbox 339 2736 381 2767; x_wconf 83' lang='lat'><strong>14</strong></span> <span class='ocrx_word' id='word_1_551' title='bbox 412 2723 665 2768; x_wconf 86' lang='lat' dir='ltr'><strong>mercurius</strong></span> <span class='ocrx_word' id='word_1_552' title='bbox 689 2728 727 2766; x_wconf 78' lang='lat' dir='ltr'>N</span> <span class='ocrx_word' id='word_1_553' title='bbox 752 2725 826 2780; x_wconf 93' lang='lat'><strong>(=</strong></span> <span class='ocrx_word' id='word_1_554' title='bbox 850 2726 945 2781; x_wconf 83' lang='lat' dir='ltr'>PB.)</span> <span class='ocrx_word' id='word_1_555' title='bbox 1009 2735 1050 2769; x_wconf 89' lang='grc'><strong>15</strong></span> <span class='ocrx_word' id='word_1_556' title='bbox 1081 2725 1256 2768; x_wconf 88' lang='lat' dir='ltr'><strong>fuerint</strong></span> <span class='ocrx_word' id='word_1_557' title='bbox 1289 2725 1534 2768; x_wconf 84' lang='lat' dir='ltr'><strong>constituti</strong></span> <span class='ocrx_word' id='word_1_558' title='bbox 1559 2741 1593 2769; x_wconf 84' lang='grc' dir='ltr'><strong><em>α</em></strong></span> <span class='ocrx_word' id='word_1_559' title='bbox 1619 2727 1692 2782; x_wconf 93' lang='grc' dir='ltr'><strong>(Ξ</strong></span> <span class='ocrx_word' id='word_1_560' title='bbox 1717 2727 1762 2782; x_wconf 84' lang='lat' dir='ltr'>v)</span> 
     </span>
     <span class='ocr_line' id='line_1_44' title="bbox 75 2782 1764 2829; baseline 0.001 -4"><span class='ocrx_word' id='word_1_561' title='bbox 75 2794 116 2825; x_wconf 83' lang='lat'><strong>26</strong></span> <span class='ocrx_word' id='word_1_562' title='bbox 147 2786 252 2826; x_wconf 73' lang='lat' dir='ltr'><strong>ante</strong></span> <span class='ocrx_word' id='word_1_563' title='bbox 285 2782 498 2827; x_wconf 81' lang='lat' dir='ltr'><strong>cordatos</strong></span> <span class='ocrx_word' id='word_1_564' title='bbox 529 2784 691 2827; x_wconf 76' lang='lat' dir='ltr'><strong>inserit</strong></span> <span class='ocrx_word' id='word_1_565' title='bbox 722 2782 999 2827; x_wconf 88' lang='lat' dir='ltr'><strong>chordarum</strong></span> <span class='ocrx_word' id='word_1_566' title='bbox 1031 2785 1079 2827; x_wconf 90' lang='lat' dir='ltr'><strong>et</strong></span> <span class='ocrx_word' id='word_1_567' title='bbox 1113 2784 1525 2828; x_wconf 86' lang='lat' dir='ltr'><strong>instrumentorum</strong></span> <span class='ocrx_word' id='word_1_568' title='bbox 1558 2799 1593 2828; x_wconf 82' lang='grc' dir='ltr'><strong><em>α</em></strong></span> <span class='ocrx_word' id='word_1_569' title='bbox 1625 2789 1666 2829; x_wconf 83' lang='lat' dir='ltr'><strong>et</strong></span> <span class='ocrx_word' id='word_1_570' title='bbox 1695 2784 1764 2827; x_wconf 67' lang='grc' dir='ltr'><strong>Ν*</strong></span> 
     </span>
     <span class='ocr_line' id='line_1_45' title="bbox 75 2840 1761 2900; baseline 0.002 -17"><span class='ocrx_word' id='word_1_571' title='bbox 75 2841 151 2885; x_wconf 82' lang='lat' dir='ltr'><strong>im.</strong></span> <span class='ocrx_word' id='word_1_572' title='bbox 207 2840 288 2896; x_wconf 87' lang='lat' dir='ltr'><strong>qui</strong></span> <span class='ocrx_word' id='word_1_573' title='bbox 313 2842 438 2897; x_wconf 90' lang='lat' dir='ltr'><strong>quod</strong></span> <span class='ocrx_word' id='word_1_574' title='bbox 462 2842 519 2900; x_wconf 72' lang='lat' dir='ltr'><strong>N]</strong></span> <span class='ocrx_word' id='word_1_575' title='bbox 553 2841 776 2898; x_wconf 89' lang='lat' dir='ltr'><strong>quicquid</strong></span> <span class='ocrx_word' id='word_1_576' title='bbox 801 2858 835 2886; x_wconf 82' lang='lat' dir='ltr'><strong>a</strong></span> <span class='ocrx_word' id='word_1_577' title='bbox 863 2846 935 2898; x_wconf 92' lang='grc' dir='ltr'><strong>(Ξ</strong></span> <span class='ocrx_word' id='word_1_578' title='bbox 953 2841 1063 2900; x_wconf 79' lang='lat' dir='ltr'><strong>PA&#39;&gt;</strong></span> <span class='ocrx_word' id='word_1_579' title='bbox 1127 2855 1168 2887; x_wconf 86' lang='grc'><strong>28</strong></span> <span class='ocrx_word' id='word_1_580' title='bbox 1193 2842 1485 2887; x_wconf 87' lang='lat' dir='ltr'><strong>coniunxerit</strong></span> <span class='ocrx_word' id='word_1_581' title='bbox 1507 2847 1546 2885; x_wconf 74' lang='lat' dir='ltr'>N</span> <span class='ocrx_word' id='word_1_582' title='bbox 1562 2846 1635 2900; x_wconf 90' lang='grc' dir='ltr'><strong>(Ξ</strong></span> <span class='ocrx_word' id='word_1_583' title='bbox 1654 2847 1761 2900; x_wconf 70' lang='lat' dir='ltr'>MV)</span> 
     </span>
     <span class='ocr_line' id='line_1_46' title="bbox 75 2899 1763 2959; baseline 0.002 -17"><span class='ocrx_word' id='word_1_584' title='bbox 75 2899 138 2942; x_wconf 92' lang='lat' dir='ltr'><strong>sit</strong></span> <span class='ocrx_word' id='word_1_585' title='bbox 169 2915 203 2943; x_wconf 86' lang='grc' dir='ltr'><em>α</em></span> <span class='ocrx_word' id='word_1_586' title='bbox 236 2902 309 2956; x_wconf 92' lang='grc' dir='ltr'><strong>(Ξ</strong></span> <span class='ocrx_word' id='word_1_587' title='bbox 335 2900 423 2959; x_wconf 83' lang='grc' dir='ltr'>Δ’)]</span> <span class='ocrx_word' id='word_1_588' title='bbox 456 2901 495 2944; x_wconf 90' lang='lat' dir='ltr'><strong>si</strong></span> <span class='ocrx_word' id='word_1_589' title='bbox 526 2901 670 2945; x_wconf 89' lang='lat' dir='ltr'><strong>fuerit</strong></span> <span class='ocrx_word' id='word_1_590' title='bbox 699 2906 738 2944; x_wconf 76' lang='lat' dir='ltr'>N</span> <span class='ocrx_word' id='word_1_591' title='bbox 763 2903 835 2958; x_wconf 94' lang='lat'><strong>(=</strong></span> <span class='ocrx_word' id='word_1_592' title='bbox 854 2905 908 2958; x_wconf 95' lang='lat' dir='ltr'><strong>V)</strong></span> <span class='ocrx_word' id='word_1_593' title='bbox 969 2914 1012 2946; x_wconf 77' lang='lat'><strong>30</strong></span> <span class='ocrx_word' id='word_1_594' title='bbox 1044 2901 1110 2946; x_wconf 91' lang='lat' dir='ltr'><strong>eis</strong></span> <span class='ocrx_word' id='word_1_595' title='bbox 1143 2917 1178 2946; x_wconf 85' lang='grc' dir='ltr'>α</span> <span class='ocrx_word' id='word_1_596' title='bbox 1204 2904 1276 2959; x_wconf 90' lang='grc' dir='ltr'><strong>(Ξ</strong></span> <span class='ocrx_word' id='word_1_597' title='bbox 1302 2907 1404 2959; x_wconf 74' lang='grc' dir='ltr'><strong>ΜΡ)</strong></span> <span class='ocrx_word' id='word_1_598' title='bbox 1479 2902 1572 2946; x_wconf 85' lang='grc'><strong>150</strong></span> <span class='ocrx_word' id='word_1_599' title='bbox 1591 2917 1609 2947; x_wconf 90' lang='grc' dir='ltr'>ι</span> <span class='ocrx_word' id='word_1_600' title='bbox 1643 2902 1763 2946; x_wconf 86' lang='lat' dir='ltr'><strong>dixi-</strong></span> 
     </span>
     <span class='ocr_line' id='line_1_47' title="bbox 73 2959 1762 3018; baseline 0.002 -17"><span class='ocrx_word' id='word_1_601' title='bbox 73 2973 176 3001; x_wconf 91' lang='lat' dir='ltr'><strong>mus</strong></span> <span class='ocrx_word' id='word_1_602' title='bbox 206 2959 308 3004; x_wconf 78' lang='lat' dir='ltr'><strong>hab,</strong></span> <span class='ocrx_word' id='word_1_603' title='bbox 333 2963 416 3003; x_wconf 75' lang='lat' dir='ltr'><strong>Na</strong></span> <span class='ocrx_word' id='word_1_604' title='bbox 477 2960 754 3016; x_wconf 86' lang='lat' dir='ltr'><strong>profitentur</strong></span> <span class='ocrx_word' id='word_1_605' title='bbox 784 2960 842 3018; x_wconf 73' lang='lat' dir='ltr'><strong>N]</strong></span> <span class='ocrx_word' id='word_1_606' title='bbox 873 2961 1119 3017; x_wconf 78' lang='lat' dir='ltr'><strong>profitetur</strong></span> <span class='ocrx_word' id='word_1_607' title='bbox 1149 2976 1184 3005; x_wconf 83' lang='grc' dir='ltr'>α</span> <span class='ocrx_word' id='word_1_608' title='bbox 1254 2973 1274 3005; x_wconf 76' lang='lat'>³</span> <span class='ocrx_word' id='word_1_609' title='bbox 1307 2963 1354 3005; x_wconf 89' lang='lat' dir='ltr'><strong>et</strong></span> <span class='ocrx_word' id='word_1_610' title='bbox 1385 2975 1470 3006; x_wconf 86' lang='lat' dir='ltr'><strong>om.</strong></span> <span class='ocrx_word' id='word_1_611' title='bbox 1494 2965 1578 3005; x_wconf 74' lang='lat' dir='ltr'><strong>Na</strong></span> <span class='ocrx_word' id='word_1_612' title='bbox 1641 2976 1762 3005; x_wconf 88' lang='lat' dir='ltr'><strong>com-</strong></span> 
     </span>
     <span class='ocr_line' id='line_1_48' title="bbox 163 3035 1458 3085; baseline 0.005 -13"><span class='ocrx_word' id='word_1_613' title='bbox 163 3041 370 3084; x_wconf 73' lang='lat' dir='ltr'><strong>anous,</strong></span> <span class='ocrx_word' id='word_1_614' title='bbox 394 3041 476 3074; x_wconf 86' lang='lat' dir='ltr'><strong>edd.</strong></span> <span class='ocrx_word' id='word_1_615' title='bbox 493 3043 654 3085; x_wconf 87' lang='lat' dir='ltr'><strong>Kroll,</strong></span> <span class='ocrx_word' id='word_1_616' title='bbox 678 3041 885 3075; x_wconf 82' lang='lat' dir='ltr'><strong>Skutsch</strong></span> <span class='ocrx_word' id='word_1_617' title='bbox 909 3045 945 3075; x_wconf 78' lang='lat' dir='ltr'><strong>et</strong></span> <span class='ocrx_word' id='word_1_618' title='bbox 967 3043 1170 3084; x_wconf 82' lang='lat' dir='ltr'><strong>Ziegler.</strong></span> <span class='ocrx_word' id='word_1_619' title='bbox 1205 3044 1258 3076; x_wconf 88' lang='grc' dir='ltr'><strong>Π.</strong></span> <span class='ocrx_word' id='word_1_620' title='bbox 1430 3035 1458 3078; x_wconf 83' lang='lat' dir='ltr'><strong>d</strong></span> 
     </span>
    </p>
   </div>
  </div>
 </body>
</html>
