2066 3192
799 145 863 190 VI
894 149 935 200 3,
961 150 1106 200 13-4,
1130 156 1165 190 5.
1748 144 1815 198 77

128 269 336 322 tionum
383 266 780 320 humilitatibus
827 266 1071 336 separati,
1120 265 1355 319 maxima
1400 265 1691 319 decernunt
1727 284 1819 319 no-

126 342 354 395 bilitatis
401 344 710 412 augmenta,
764 343 818 393 et
863 340 1201 394 affluentium
1248 340 1556 394 divitiarum
1602 340 1820 411 copiosa

125 416 416 487 praesidia,
470 433 695 486 magnae
749 416 912 468 etiam
964 415 1167 487 gloriae
1219 414 1523 486 largiuntur
1572 415 1820 486 insignia,

127 495 180 544 et
218 491 415 544 facient
453 491 686 542 maxima
725 509 789 542 ex
827 490 1063 543 filiorum
1108 489 1460 543 felicitatibus
1504 489 1720 562 gaudia,
1767 493 1820 542 et

82 585 101 618 5
126 566 293 618 vitam
333 567 474 618 claro
515 583 724 637 semper
760 564 1114 634 <splendore>
1153 564 1433 634 dignitatis
1473 568 1745 617 exornant.

239 668 558 740 [Iuppiter
596 673 656 722 et
694 668 908 723 Venus
946 669 1232 739 trigoni]
1272 667 1331 722 Si
1362 667 1608 739 Iuppiter
1639 671 1692 721 et
1715 667 1872 722 Ve-3

127 762 227 797 nus
258 744 457 797 fuerint
486 743 754 814 trigonica
783 743 1079 797 radiationc
1110 745 1398 813 coniuncti,
1437 747 1490 796 et
1522 743 1631 796 sint
1661 743 1818 795 ambo

128 820 183 870 in
224 819 502 888 oportunis
543 819 817 889 geniturae
856 817 989 871 locis
1028 818 1207 887 positi,
1247 821 1300 872 et
1339 818 1404 870 ab
1447 818 1694 871 omnibus
1736 817 1820 870 de-

127 892 417 946 iectionum
456 892 853 946 humilitatibus
894 894 1148 962 separati,
1202 893 1491 946 maximam
1532 892 1821 946 decernunt

60 989 103 1022 10
126 968 356 1038 gratiam
410 968 728 1034 venustatiS,
791 971 845 1020 et
906 968 1154 1021 omnibus
1213 967 1372 1021 bonis
1426 967 1644 1020 amabili
1698 967 1820 1020 illos

127 1042 530 1095 conversatione
562 1060 772 1112 semper
803 1041 1091 1110 adsociant,
1127 1045 1181 1096 et
1210 1042 1376 1094 fidum
1411 1059 1647 1094 amorem
1680 1042 1821 1095 circa

127 1117 248 1170 illos
300 1135 530 1169 uxorum
581 1135 789 1186 semper
838 1117 1094 1170 indicunt.
1173 1115 1277 1170 Sed
1325 1120 1612 1188 augmenta
1658 1116 1821 1185 patri-

125 1190 294 1243 monii
350 1195 403 1244 et
455 1191 736 1262 dignitatis
791 1192 1024 1262 insignia
1077 1194 1171 1244 aut
1220 1191 1515 1245 amicorum
1565 1191 1674 1244 iuis
1729 1194 1822 1243 aut

126 1284 354 1319 uxorum
392 1266 658 1335 praesidio
698 1267 1058 1321 conferuntur.

61 1392 103 1425 ιε
239 1368 558 1439 [Iuppiter
596 1374 656 1423 et
695 1369 1050 1424 Mercurius
1089 1370 1374 1441 trigoni]
1454 1368 1512 1422 Si
1550 1368 2001 1439 Iuppiters01.⁶evn

127 1446 180 1496 et
217 1444 513 1498 Mercurius
551 1444 753 1498 fuerint
789 1446 1056 1516 trigonica
1092 1445 1388 1498 radiatione
1427 1444 1720 1514 coniuncti,
1767 1444 1873 1498 et4

128 1519 236 1571 sint
280 1519 437 1572 ambo
484 1521 541 1572 in
589 1520 870 1589 oportunis
918 1520 1195 1590 geniturae
1244 1520 1377 1573 locis
1424 1519 1604 1588 positi,
1656 1522 1709 1572 et
1755 1519 1821 1570 ab

129 1593 377 1646 omnibus
418 1594 770 1647 deiectionum
807 1593 1205 1648 humilitatibus
1238 1593 1483 1663 separati,
1521 1594 1720 1647 facient
1750 1593 1823 1645 in-

128 1668 375 1738 geniosos
424 1669 669 1722 cordatos
716 1669 973 1722 acerrima
1011 1669 1215 1740 ingenii
1252 1670 1520 1738 potestate
1568 1668 1823 1736 firmatos,

60 1765 103 1797 20
128 1746 181 1794 et
231 1743 323 1812 qui
376 1742 555 1795 omnia
607 1743 824 1813 negotia
869 1744 1140 1813 prosperis
1188 1761 1398 1813 semper
1444 1742 1652 1796 actibus
1708 1761 1824 1796 exe-

129 1820 375 1885 quantur.
437 1817 656 1870 Facient
702 1817 862 1870 etiam
911 1817 1160 1872 omnibus
1206 1818 1514 1871 hominibus
1564 1817 1874 1887 praeponif)

129 1892 440 1962 magnificae
479 1910 540 1944 ac
577 1893 980 1962 potentissimae
1019 1894 1212 1946 merito
1252 1892 1532 1963 dignitatis
1542 1935 1556 1961 ,
1596 1895 1649 1944 et
1686 1891 1822 1945 tales

129 1983 219 2018 eos
258 1967 545 2035 perficiunt
581 1970 644 2019 ut
682 1969 738 2020 in
771 1967 1016 2020 omnibus
1050 1967 1258 2020 actibus
1289 1971 1342 2019 et
1373 1966 1659 2020 laudentur
1690 1985 1822 2020 sem-

250 2147 273 2186 1
307 2146 409 2198 171,
436 2145 494 2187 17
524 2142 725 2188 πλούτου
759 2144 840 2188 καὶ
871 2142 1012 2200 δόξης
1043 2144 1122 2187 καὶ
1155 2143 1306 2201 γάμου
1338 2143 1418 2188 καὶ
1448 2143 1711 2193 τεκνώσεως
1741 2143 1821 2187 καὶ

130 2199 235 2259 βίου
260 2202 498 2258 ἐμφανοῦς
530 2201 695 2247 αἴτιον.
843 2207 867 2246 9
901 2207 1004 2258 171,
1029 2207 1091 2247 27
1121 2201 1367 2261 χαρίεντας
1396 2203 1654 2254 ποθεινοὺς
1685 2209 1822 2256 ποιεῖ,

131 2261 180 2305 ἐκ
212 2269 448 2317 γυναικῶν
480 2263 560 2305 καὶ
592 2260 741 2319 φίλων
770 2260 1135 2318 προκόπτοντας.
1260 2267 1313 2306 18
1346 2265 1452 2317 172,
1477 2266 1505 2307 5
1539 2278 1821 2318 περινοημα-

130 2321 286 2371 τικοὺς
324 2328 451 2365 ποιεῖ
486 2322 567 2365 καὶ
605 2319 711 2365 λίαν
751 2323 969 2374 συνετοὺς
998 2323 1079 2366 καὶ
1112 2321 1403 2379 ἐμπράκτους
1433 2323 1514 2366 καὶ
1547 2319 1824 2380 σεβασμίους

131 2380 210 2423 καὶ
239 2386 295 2438 τῇ
326 2378 457 2424 πόλει
488 2380 807 2439 περιβοήτους,
842 2382 933 2426 ὑπὸ
965 2384 1146 2426 πολλῶν
1178 2379 1472 2440 τιμωμένους,

253 2547 275 2586 1
311 2542 521 2587 decernit
553 2547 592 2588 Δ
732 2550 756 2588 2
790 2545 1034 2589 fluentium
1066 2560 1178 2591 corr.
1205 2561 1232 2588 a
1368 2550 1393 2588 3
1426 2545 1621 2602 praedia
1653 2547 1692 2588 Δ

133 2606 159 2644 4
191 2602 395 2645 maxima
426 2603 483 2661 A]
526 2603 757 2648 maximae
788 2609 868 2647 BG
899 2607 1003 2649 Pat.
1044 2605 1269 2648 maximas
1302 2607 1341 2648 Δ
1386 2606 1392 2663 Ι
1434 2603 1742 2648 felicitatibus
1776 2604 1819 2661 a]

133 2660 363 2706 felicitate
395 2666 431 2704 A
477 2663 613 2707 -tatis
659 2667 738 2706 BG
771 2665 874 2708 Pat.
923 2666 1065 2708 -tates
1099 2667 1138 2708 A
1322 2669 1348 2708 5
1386 2664 1535 2708 vitam
1565 2662 1635 2722 A‘]
1679 2663 1778 2706 vita
1813 2665 1818 2721 Ι

136 2720 262 2764 clara
293 2725 330 2762 A
357 2724 363 2777 Ι
392 2723 497 2766 add.
524 2724 547 2775 ζ
579 2723 768 2779 (honore
799 2727 842 2781 a.)
871 2727 876 2780 Ι
906 2723 1139 2781 dignitate
1172 2728 1251 2767 AB
1278 2724 1285 2781 Ι
1314 2725 1508 2768 exornat
1538 2727 1616 2765 AB
1642 2724 1746 2767 Pat.

136 2784 159 2822 7
191 2779 366 2824 fuerint
389 2787 496 2837 post
526 2783 763 2826 coniuncti
787 2798 896 2839 pon.
920 2785 966 2826 Γ
1024 2787 1078 2826 10
1110 2783 1320 2827 veritatis
1352 2797 1464 2827 corr.
1490 2796 1554 2826 κσ
1581 2782 1587 2841 Ι
1614 2781 1720 2826 illos
1744 2799 1771 2825 κ
1781 2782 1821 2839 ζ]

133 2837 227 2882 illis
260 2840 358 2895 (del.
385 2843 427 2896 a)
553 2847 604 2885 11
638 2856 834 2886 uxorum
866 2842 988 2886 circa
1018 2842 1124 2887 illos
1157 2846 1197 2886 A
1308 2847 1360 2885 12
1394 2842 1622 2885 inducunt
1645 2843 1731 2884 ΔΔ

135 2902 190 2941 14
224 2898 524 2943 conferuntur
547 2902 653 2959 ΑΔ]
687 2901 981 2945 conferentur
1088 2907 1142 2945 18
1174 2902 1317 2945 faciet
1348 2904 1477 2944 AGA
1511 2901 1627 2944 facit
1657 2904 1690 2942 B
1716 2902 1819 2944 Pat.

134 2971 245 3002 corr.
270 2972 300 3000 v
421 2964 474 3002 21
509 2959 650 3004 faciet
675 2964 711 3002 Δ
743 2961 858 3004 facit
888 2967 981 3015 eet„
1013 2975 1125 3006 corr.
1152 2964 1177 3013 ζ
