2066 3192
245 153 351 206 120
973 152 1203 197 FIRMICI

240 275 447 328 minuta
485 275 848 345 (luminibus)
885 275 1002 344 [seu
1035 275 1231 343 plena],
1272 275 1450 327 omnia
1480 274 1811 328 infelicitatis
1842 295 1927 347 ge-

238 367 366 401 nera
398 350 500 402 ista
532 349 836 402 coniunctio
869 353 922 402 et
955 367 1109 402 omne
1139 348 1402 400 malorum
1433 349 1666 401 decernit
1691 349 1928 403 exitium.

55 434 249 478 fol-75⁰1!
271 422 374 476 Sed
421 427 474 475 et
522 423 566 476 si
613 423 922 475 testimonia
960 422 1184 476 Veneris
1231 441 1290 474 ac
1328 421 1472 475 Iovis
1518 423 1720 492 pariter
1761 442 1930 477 acces-

241 498 420 566 serint,
460 500 766 566 contempto
807 497 1024 550 salutari
1057 496 1320 566 praesidio
1353 496 1672 550 calamitatis
1705 499 1928 551 exitium

239 571 574 624 convalescit.
1975 594 1994 627 5

987 719 1181 773 XXIII.

191 809 217 861 1
351 809 668 879 [Iuppiter
707 812 767 861 et
806 809 970 862 Mars
1009 809 1290 879 pariter]
1333 808 1390 862 Si
1427 808 1671 878 Iuppiter
1702 813 1754 862 et
1785 809 1929 862 Mars

240 884 318 953 [in
345 885 533 953 unum]
568 884 770 954 pariter
801 884 1002 936 fuerint
1033 883 1292 951 collocati,
1323 883 1447 952 <613>
1469 883 1527 936 111
1559 884 1743 936 eodem
1775 885 1929 968 signo

238 960 439 1027 pariter
500 958 781 1012 constituti
844 958 1107 1027 aequabili
1170 957 1438 1010 societatis
1490 960 1756 1026 potestate
1817 959 1930 1010 iun-

240 1035 448 1115 gantur,
486 1033 718 1084 maxima
757 1032 1045 1085 decernunt
1084 1031 1317 1102 insignia
1356 1031 1693 1102 dignitatum,
1732 1035 1786 1084 et
1823 1051 1929 1084 ma·
1954 1052 1996 1084 10

239 1126 434 1159 xlmam
487 1107 767 1160 conferunt
811 1107 1057 1160 licentiae
1103 1109 1440 1176 potestatem.
1518 1106 1744 1159 Faciunt
1787 1107 1928 1159 enim

238 1181 482 1234 homines
520 1200 836 1252 magnarum
869 1181 1147 1233 civitatum
1180 1184 1272 1232 aut
1302 1199 1618 1265 magnarum
1649 1181 1929 1251 regionum

240 1255 417 1308 officia
466 1256 841 1326 gubernantes,
898 1258 949 1308 et
1003 1255 1059 1307 in
1111 1254 1357 1307 maximis
1409 1254 1623 1323 populis
1672 1254 1930 1307 habentes

187 1329 221 1381 2
239 1329 502 1401 gloriosae
548 1330 791 1383 licentiae
837 1333 1143 1399 potestates,
1220 1328 1397 1381 Erunt
1446 1329 1606 1382 etiam
1657 1328 1790 1381 tales
1837 1328 1929 1398 qui

239 1405 418 1456 omnia
465 1422 602 1472 quae
649 1403 948 1456 desiderant
994 1422 1252 1473 prospero
1293 1406 1685 1471 consequantur
1723 1406 1930 1470 eventu,
1955 1421 1996 1454 15

238 1478 547 1562 praesertim
606 1479 651 1530 si
704 1478 756 1530 in
808 1478 1087 1547 oportunis
1133 1477 1409 1547 geniturae
1456 1477 1588 1530 locis
1634 1477 1799 1546 positi
1846 1477 1930 1529 vel

239 1553 295 1604 in
347 1551 534 1622 primis
582 1552 885 1605 cardinibus
931 1553 1015 1605 vel
1061 1554 1118 1604 in
1133 1520 1354 1620 equium
1410 1555 1501 1622 aut
1547 1551 1604 1603 in
1649 1551 1929 1604 undecimo

239 1627 306 1679 ab
348 1627 645 1695 horoscopo
684 1627 801 1680 loco
842 1627 899 1680 in
939 1627 1096 1680 domo
1128 1626 1273 1679 Iovis
1315 1629 1406 1678 aut
1444 1625 1500 1678 in
1539 1625 1695 1678 domo
1739 1625 1930 1678 Martis

241 1701 401 1753 simul
438 1700 638 1753 fuerint
679 1700 974 1754 constituti
1042 1701 1191 1753 Tunc
1230 1699 1371 1752 enim
1410 1700 1579 1752 fasces
1617 1702 1747 1753 tunc
1785 1719 1930 1752 arma

239 1779 369 1828 tunc
430 1775 537 1827 illis
597 1775 816 1827 maximi
885 1776 1272 1827 conmittuntur
1334 1774 1616 1839 exercituS,
1684 1777 1812 1826 tunc
1873 1773 1928 1826 in
1954 1792 1997 1824 20

240 1849 449 1918 magnis
495 1849 789 1916 honoribus
836 1849 1116 1902 constituti
1165 1848 1478 1919 magnificae
1531 1849 1815 1917 potestatis
1868 1847 1927 1900 11-

240 1924 467 1977 centiam
510 1924 819 1976 sortiuntur.

190 1999 223 2050 3
355 1997 671 2067 [luppiter
710 2001 770 2050 et
811 1997 916 2049 Sol
954 1997 1236 2067 pariter]
1289 1996 1346 2049 81
1378 1997 1625 2065 Iuppiter
1656 1999 1710 2048 et
1743 1996 1835 2048 801
1875 1997 1931 2048 111

241 2072 425 2124 eodem
475 2072 628 2142 signo
668 2073 869 2141 pariter
906 2072 1104 2123 fuerint
1144 2071 1443 2140 constituti,
1491 2075 1543 2123 et
1582 2070 1652 2124 sit
1690 2069 1931 2140 Iuppiter

242 2146 403 2198 radiis
437 2145 576 2198 Solis
609 2147 910 2214 absconsuS‚
950 2164 1159 2198 omnem
1193 2146 1465 2198 felicitatis
1500 2145 1738 2197 ordinem
1769 2143 1930 2197 variis
1954 2162 1996 2195 25

364 2296 416 2336 10
457 2296 559 2347 169,
586 2296 640 2336 31
662 2300 913 2366 προκοπῆς
943 2292 1030 2336 παὶ
1062 2291 1259 2346 κτήσεως
1290 2290 1437 2342 αἴτιος
1467 2291 1547 2334 καὶ
1582 2298 1723 2346 τιμῶν
1755 2292 1928 2334 πολιτι-

243 2359 336 2395 κῶν
367 2352 447 2395 καὶ
478 2349 730 2407 ἡγεμονίας
760 2354 873 2395 λαοῦ
906 2352 985 2395 καὶ
1018 2359 1222 2426 συνεχῶν
1256 2350 1540 2404 ἐπιτεύξεων.
1628 2354 1682 2392 18
1715 2353 1774 2394 32
1806 2349 1846 2393 εἰ
1878 2348 1929 2394 δὲ

243 2411 322 2454 καὶ
362 2412 411 2455 ἐν
452 2410 564 2469 οἴκῳ
597 2410 710 2461 Διὸς
749 2409 777 2466 ἢ
803 2408 959 2465 Αρεώς
998 2411 1114 2454 εἰσιν
1146 2407 1274 2454 οὗτοι
1306 2409 1536 2462 συνόντες,
1568 2425 1818 2464 κρατερους
1850 2410 1930 2452 δυ-

243 2470 415 2520 νάστας
454 2456 744 2525 σημαίνουσι.
869 2475 923 2512 24
964 2474 1116 2523 170,1
1159 2470 1199 2513 εἰ
1242 2469 1324 2525 μὲν
1364 2467 1574 2522 ὕπαυγος
1613 2467 1697 2524 εἴη,
1738 2466 1929 2511 πάντων

241 2536 331 2574 τῶν
365 2531 562 2585 ἀγαθῶν
595 2529 764 2580 σπάνις
796 2528 943 2573 ἔσται·

363 2667 384 2704 1
421 2662 525 2706 add.
557 2666 595 2703 N
638 2662 643 2718 Ι
686 2662 769 2705 del.
803 2679 829 2704 κ
950 2666 975 2705 8
1009 2662 1092 2705 del.
1118 2665 1142 2714 ζ
1181 2664 1187 2717 1
1229 2660 1405 2716 pariter
1437 2659 1574 2703 simul
1604 2664 1730 2702 DBG
1771 2662 1778 2714 1
1827 2659 1926 2702 fue-

243 2723 336 2764 rint
367 2720 543 2776 pariter
572 2725 611 2762 N
654 2723 659 2775 l
703 2721 808 2764 add.
834 2725 872 2762 N
994 2726 1018 2763 9
1053 2723 1100 2764 et
1132 2719 1367 2775 aequabili
1400 2722 1439 2762 Δ
1565 2723 1617 2762 12
1649 2717 1927 2775 religionum

243 2797 270 2822 a
393 2784 445 2823 13
478 2779 704 2823 habentes
744 2794 826 2823 om.
856 2783 934 2822 AB
1058 2785 1112 2822 14
1144 2780 1426 2835 potestatem
1458 2780 1497 2821 Δ
1622 2782 1677 2820 14
1708 2790 1926 2834 prospere

248 2841 294 2882 Γ
326 2852 517 2894 prosper
547 2841 586 2881 Δ
628 2853 742 2883 cor-r.
775 2855 802 2881 a
859 2839 864 2893 Ι
923 2841 1232 2894 consequatur
1262 2840 1301 2880 A
1362 2840 1366 2893 Ι
1425 2838 1613 2880 eventus
1646 2851 1758 2881 corr.
1791 2852 1818 2878 a

246 2903 298 2941 17
326 2899 426 2955 aut]
460 2897 531 2940 vel
564 2902 682 2940 GNv
830 2901 883 2940 19
917 2898 1065 2941 fasces
1097 2901 1208 2941 tunc
1240 2896 1363 2940 enim
1396 2910 1525 2939 arma
1560 2898 1606 2939 Γ
1736 2900 1790 2939 23
1822 2895 1928 2952 Iup-

244 2958 365 3015 piter
397 2958 443 3002 et
475 2956 552 3003 Sol
585 2957 623 3001 si
655 2959 694 3000 A
818 2962 872 3002 24
905 2957 1148 3003 constituti
1180 2955 1354 3000 fuerint
1385 2957 1424 2998 A
