2090 3198
285 151 394 204 352
1018 147 1247 193 FIRMICI

283 271 404 324 loca
440 272 543 323 iter
581 271 781 323 faciens
820 270 1052 324 multum
1085 269 1299 336 errabit,
1338 269 1392 320 in
1435 269 1657 322 desertis
1698 285 1976 322 conversa-

284 345 433 398 bitur
471 344 618 397 locis.
685 344 911 407 Quidam
949 345 1081 396 fient
1121 361 1363 412 aucupes
1427 341 1492 395 In
1531 343 1718 395 dextra
1749 341 1976 411 Aquarii

286 419 509 471 minoris
543 418 865 488 quicumque
895 417 1183 471 habuerint
1212 417 1587 487 horoscopum,
1621 419 1776 470 erunt
1815 434 1975 485 equo-

283 511 403 547 rum
442 493 701 563 magistri.
780 491 838 545 Si
876 510 1001 546 vero
1048 490 1327 544 benivolae
1374 493 1559 544 stellae
1605 490 1975 543 testimonium

283 566 669 636 perhibuerint,
694 567 911 636 aurigae
934 566 1020 619 vel
1043 565 1308 618 muliones
1333 568 1489 618 erunt
1504 564 1661 635 regis
1710 563 1776 617 In
1794 568 1976 618 ventre
2021 584 2042 619 5

283 639 511 710 Aquarii
541 640 765 693 minoris
799 640 1120 710 quicumque
1150 639 1401 692 habuerit
1430 640 1807 707 horoscopum,
1846 638 1976 708 [me-

207 762 211 765 i
283 714 412 783 rito]
438 715 540 767 erit
563 714 881 768 hortulanus
905 715 1174 767 fenerator
1195 713 1497 766 laboriosus
1521 713 1878 766 biothanatus.
1912 711 1976 764 In

284 789 420 858 pede
460 789 649 841 dextro
691 790 1010 857 quicumque
1048 787 1296 840 habuerit
1334 787 1709 856 horoscopum,
1748 787 1804 838 in
1841 787 1975 840 locis

200 863 268 917 15
287 865 501 931 aquosis
533 863 875 931 humidisque
907 861 1178 915 morietur.
1240 860 1306 914 In
1328 861 1440 914 Ara
1469 862 1788 930 quicumque
1813 861 1979 913 habu-

286 938 425 989 erint
453 937 828 1006 horoscopum,
861 936 924 989 de
957 936 1230 989 sacrificiis
1254 936 1529 989 habebunt
1551 936 1694 988 vitae
1718 934 1975 1004 subsidia3
2001 955 2044 988 ιο

287 1012 380 1064 sed
409 1010 468 1062 hi
500 1011 674 1064 exusti
707 1011 1014 1063 morientur.
1077 1009 1140 1062 In
1173 1029 1340 1079 aquae
1372 1009 1629 1062 effusione
1655 1009 1978 1077 quicumque

284 1084 533 1138 habuerit
569 1085 944 1154 horoscopum,
977 1104 1007 1136 a
1037 1085 1212 1154 prima
1251 1087 1421 1137 aetate
1461 1084 1562 1136 erit
1593 1084 1740 1136 dives
1773 1086 1827 1136 et
1857 1101 1975 1151 pos-

285 1178 476 1227 sessor,
523 1162 577 1211 et
622 1162 906 1228 paternum
944 1158 1329 1227 patrimonium
1369 1159 1516 1210 varia
1554 1158 1864 1227 profusione
1904 1156 1979 1208 di-

285 1233 500 1302 lapidat.
578 1232 700 1285 Erit
744 1233 981 1286 liberalis
1029 1233 1122 1286 sed
1161 1236 1318 1285 erunt
1355 1232 1437 1285 illi
1476 1232 1636 1284 multi
1672 1232 1979 1300 frequenter

286 1307 496 1376 ingrati.
574 1307 678 1360 Sed
716 1307 805 1360 hic
842 1309 899 1359 in
936 1325 1192 1375 processu
1231 1307 1420 1359 aetatis
1461 1306 1694 1359 maxima
1733 1308 1785 1357 et
1817 1306 1978 1373 patri·
2003 1325 2045 1358 15

286 1382 455 1434 monii
494 1385 548 1434 et
587 1381 866 1452 dignitatis
898 1381 1120 1434 habebit
1151 1383 1454 1452 augmenta,
1487 1383 1540 1433 et
1570 1379 1818 1433 inimicos
1852 1397 1977 1432 suos

286 1455 625 1509 omnifariam
666 1456 981 1526 subiugatos
1022 1456 1127 1507 sibi
1166 1454 1383 1507 videbit.

872 1617 1039 1670 XXX.
1082 1616 1390 1688 [PISOESJ

239 1723 265 1774 1
435 1720 497 1773 In
535 1720 576 1774 Ι.
608 1724 761 1791 parte
801 1721 1037 1775 Piscium
1079 1722 1402 1790 quicumque
1441 1721 1690 1773 habuerit
1728 1720 1977 1772 horosco-

286 1814 432 1865 pum,
487 1796 587 1847 erit
642 1795 883 1848 curiosus
945 1795 1257 1864 conpositus
1267 1838 1280 1864 ,
1335 1814 1363 1847 e
1417 1795 1578 1864 regiis
1632 1793 1977 1846 facultatibus
2001 1814 2045 1846 20

287 1869 491 1922 habens
530 1870 671 1922 vitae
712 1869 962 1922 subsidia,
1042 1869 1145 1922 Sed
1184 1869 1272 1921 hic
1313 1888 1377 1921 ex
1415 1868 1858 1937 †conscriptione
1898 1885 1976 1919 so-

287 1961 472 1996 rorum
520 1944 607 1995 vel
661 1961 727 1995 ex
781 1944 1024 1995 affinium
1074 1943 1330 2011 suscipiet
1377 1943 1534 1995 filios.
1611 1941 1674 1994 In
1720 1941 1787 1994 II.
1828 1945 1978 2011 parte

286 2017 524 2069 Piscium
565 2017 891 2086 quicumque
931 2017 1178 2070 habuerit
1215 2018 1590 2086 horoscopum,
1623 2016 1725 2068 erit
1757 2015 1978 2068 striden-

287 2092 359 2143 tis
399 2091 564 2143 animi
604 2091 933 2161 suspiciosus
974 2091 1266 2160 zelotypus.
1328 2090 1394 2143 In
1431 2089 1526 2143 III.
1558 2093 1708 2159 parte
1741 2090 1977 2142 Piscium

410 2243 430 2279 1
466 2237 557 2280 iter
587 2237 764 2280 faciens
795 2238 853 2295 N]
886 2237 976 2280 iter
1006 2238 1149 2280 faciet
1178 2242 1296 2279 DGv
1339 2236 1589 2280 interficiet
1620 2240 1657 2278 A
1714 2238 1718 2292 Ι
1777 2234 1896 2294 <et>
1928 2234 1978 2277 in

287 2314 316 2339 κ
461 2301 485 2339 2
519 2296 732 2355 (manu)
766 2297 929 2339 dextra
960 2299 983 2348 ζ
1123 2302 1150 2339 4
1183 2295 1348 2339 stellae
1381 2310 1464 2340 om.
1497 2298 1536 2338 Δ
1672 2299 1696 2337 6
1729 2293 1978 2338 habuerint

287 2358 329 2399 Δ
389 2358 394 2410 Ι
452 2356 534 2399 del.
567 2360 606 2397 N
661 2357 675 2411 L
727 2358 862 2398 erunt
893 2355 1014 2398 —lani
1046 2357 1188 2399 ·tores
1220 2355 1311 2398 -osi
1342 2355 1465 2398 -nati
1496 2359 1535 2396 N
1567 2353 1673 2410 (erit
1705 2380 1771 2409 -,
1793 2358 1819 2397 8
1844 2353 1978 2396 horo-

287 2427 479 2470 scopum
523 2429 605 2458 om.
639 2414 712 2470 1³1)
867 2419 889 2456 7
935 2414 1070 2458 ortul.
1110 2415 1235 2458 codd.
1396 2419 1421 2457 8
1465 2413 1717 2456 habuerint
1754 2412 1859 2455 1³²1&

291 2478 316 2516 9
347 2473 605 2517 morientur
628 2475 667 2515 Δ
794 2478 844 2516 11
879 2474 1138 2516 moriuntur
1169 2476 1208 2517 A
1269 2475 1274 2528 Ι
1331 2473 1383 2515 In
1416 2486 1539 2528 aqua
1569 2472 1740 2516 fluente
1774 2471 1976 2526 Aquario

288 2533 370 2587 qui
403 2531 619 2575 habuerit
652 2536 691 2574 N
744 2533 881 2587 Aqua
911 2532 1058 2576 fluens
1092 2547 1147 2577 ex
1178 2532 1381 2588 Aquario
1415 2532 1495 2585 qui
1526 2531 1572 2574 in
1608 2545 1664 2574 ea
1693 2530 1912 2574 habuerit
1941 2535 1976 2571 D

352 2596 404 2633 12
439 2604 466 2634 a
498 2605 580 2635 om.
615 2594 653 2634 A
785 2595 836 2634 13
872 2593 918 2634 et
948 2598 1054 2636 ante
1084 2594 1331 2648 paternum
1363 2605 1445 2634 om.
1479 2593 1518 2633 A
1554 2591 1633 2633 sed
1666 2593 1690 2642 ζ
1744 2592 1749 2646 Ι
1808 2588 1977 2644 dilapi-

288 2650 425 2693 dabit
452 2652 498 2693 Γ
615 2655 668 2693 16
702 2650 897 2693 habebit
928 2665 1009 2695 om.
1044 2657 1078 2692 D
1112 2657 1216 2695 ante
1248 2652 1294 2693 et
1324 2649 1595 2706 patrimonii
1619 2664 1729 2705 pon.
1761 2653 1800 2690 N
1835 2647 1975 2691 habe-

289 2709 407 2751 bunt
438 2713 475 2751 A
631 2714 681 2752 17
716 2709 1011 2752 omnifariam
1042 2712 1089 2765 v]
1133 2710 1190 2753 ob
1223 2709 1452 2752 nefariam
1488 2711 1534 2751 Γ
1574 2708 1632 2751 ob
1664 2707 1843 2751 nefaria
1875 2709 1914 2750 A
1967 2707 1971 2763 Ι

291 2767 382 2810 sibi
413 2769 480 2811 vel
511 2768 595 2812 dez.
627 2769 694 2813 vel
725 2775 829 2812 ante
861 2768 1135 2825 subiugatos
1161 2783 1269 2825 pon.
1306 2771 1328 2820 ζ
1449 2771 1501 2811 19
1534 2767 1739 2810 Piscium
1770 2780 1852 2810 om.
1879 2768 1918 2808 A
1967 2766 1972 2820 Ι

288 2827 540 2870 habuerint
573 2861 581 2870 .
611 2861 619 2870 .
647 2862 654 2870 .
690 2830 826 2870 erunt
857 2827 947 2870 -osi
977 2827 1078 2871 -siti
1113 2863 1119 2870 .
1149 2863 1157 2870 .
1186 2863 1193 2870 .
1228 2829 1381 2871 -entes
1405 2829 1444 2869 A
1581 2830 1635 2869 20
1668 2839 1691 2868 e
1724 2825 1866 2881 regiis
1898 2825 1974 2882 κζ]

288 2885 490 2942 egregiis
612 2891 666 2929 21
698 2883 777 2930 hic
809 2900 891 2930 om.
926 2889 965 2929 A
1026 2887 1031 2943 Ι
1089 2885 1467 2941 constupratione
1500 2899 1525 2928 σ
1659 2889 1712 2926 22
1746 2898 1801 2927 ex
1832 2885 1914 2927 del.
1947 2901 1975 2926 κ

351 2949 405 2986 23
437 2950 477 2987 et
510 2949 564 2987 24
597 2944 741 2988 Piscis
775 2948 814 2988 A
