2084 3192
821 127 906 171 vn
939 132 1010 182 26,
1034 101 1172 172 5—i1.
1739 127 1846 180 279

154 258 301 319 cum,
363 248 552 302 deinde
606 251 779 316 actus,
833 248 871 316 †
903 251 956 300 et
1002 248 1155 300 locus
1208 247 1266 299 in
1316 247 1535 300 anafora
1580 246 1863 300 Fortunae*
1928 272 1941 297 x

156 324 471 377 invenietur.
549 320 685 375 Cum
733 322 913 390 itaque
958 325 1110 375 actus
1157 320 1422 374 inveneris
1476 321 1680 390 locum,
1728 321 1849 374 vide

155 401 211 451 et
257 399 502 451 dominus
550 396 722 465 ipsius
770 395 912 467 signi
964 395 1021 448 in
1069 412 1176 464 quo
1225 394 1296 447 sit
1340 395 1460 449 loco
1509 397 1848 448 constitutus.

157 470 261 524 Sed
309 475 364 524 et
411 470 658 524 dominus
714 469 855 541 signi
901 469 959 521 in
1012 487 1118 538 quo
1162 467 1431 523 Fortunae
1483 469 1634 523 locus
1686 469 1851 522 fuerit

111 567 131 599 5
158 546 420 615 inventus,
461 544 623 598 simili
662 544 869 596 ratione
907 542 1129 612 inspice,
1168 546 1221 596 et
1258 542 1381 597 vide
1420 561 1527 612 quo
1575 543 1646 596 sit
1686 544 1849 596 etiam

157 619 271 688 ipse
310 619 366 672 in
404 621 524 672 loco
564 619 892 671 constitutus
901 658 915 685 ‚
962 620 1016 669 et
1056 633 1175 670 cum
1217 616 1318 670 hos
1358 617 1603 688 diligenti
1641 618 1850 670 ratione

154 693 434 764 inveneris,
463 693 584 746 vide
617 693 709 761 qui
741 691 812 744 sit
843 709 908 743 ex
940 689 1071 760 ipsis
1105 692 1422 760 oportunius
1454 691 1763 760 collocatus,
1795 691 1850 743 id

154 771 236 820 est
262 768 354 836 qui
385 767 627 836 ipsorum
651 766 723 819 sit
754 766 809 818 in
842 765 960 834 ipso
994 765 1150 835 signo
1182 766 1415 836 positus3
1456 770 1509 818 et
1541 767 1586 818 si
1611 765 1769 818 ambo
1794 764 1850 817 in
1901 777 1905 780 ·

153 860 260 894 uno
307 841 427 894 loco
474 840 675 893 fuerint
720 840 950 909 inventi,
1003 839 1125 892 vide
1172 840 1261 908 qui
1311 841 1484 911 magis
1532 841 1849 909 oportunius

87 937 130 969 10
156 915 415 968 ceciderit.
493 913 552 968 Si
590 931 717 966 vero
757 914 815 966 in
852 914 971 966 loco
1011 912 1281 967 Fortunae
1318 932 1430 967 non
1466 913 1690 983 fuerint,
1729 913 1849 967 vide
1867 913 1899 965 9

152 1007 219 1040 ne
259 989 317 1042 in
355 989 474 1044 loco
521 991 671 1041 actus
720 988 830 1042 sint
875 988 1178 1056 constituti,
1226 991 1279 1040 et
1318 987 1435 1057 <si>
1472 990 1529 1041 in
1575 988 1680 1042 hoc
1728 989 1848 1041 loco

155 1063 318 1116 simul
366 1061 566 1116 fuerint
621 1062 847 1131 inventi,
881 1061 1022 1115 *vide
1070 1061 1163 1131 qui
1214 1062 1532 1131 oportunius
1586 1062 1849 1116 ceciderit.

155 1135 214 1189 Si
252 1155 379 1190 vero
418 1154 526 1190 non
557 1136 758 1188 fuerint
798 1137 854 1188 in
884 1137 990 1188 hoc
1026 1135 1163 1205 loc0,
1202 1137 1324 1189 vide
1363 1136 1456 1205 qui
1488 1136 1850 1207 horoscopum

155 1229 221 1264 ex
259 1212 393 1280 ipsis
433 1211 689 1264 cardinali
729 1210 1027 1262 radiatione
1066 1210 1342 1280 respiciat,
1382 1214 1436 1263 et
1474 1214 1603 1264 tunc
1642 1229 1708 1263 ex
1746 1210 1851 1264 hoc

87 1307 129 1339 15
156 1288 387 1338 tractatu
433 1288 601 1338 artem
648 1285 849 1353 poteris
897 1284 1176 1354 explicare.
1255 1283 1312 1337 Si
1361 1287 1500 1338 enim
1539 1284 1724 1338 Venus
1773 1284 1851 1337 sic
1871 1283 1940 1336 10

153 1359 317 1411 fuerit
356 1361 594 1429 inventa,
643 1359 804 1412 faciet
849 1359 1082 1427 pictores
1130 1360 1565 1428 emplastratores
1605 1359 1850 1412 aurifices

153 1434 483 1503 argentarios
521 1433 775 1501 musicos,
828 1450 926 1501 pro
983 1434 1260 1503 signorum
1319 1433 1524 1486 scilicet
1576 1433 1850 1500 varietate,

152 1506 396 1576 Iuppiter
433 1525 559 1559 vero
591 1508 953 1578 negotiatores
988 1506 1250 1578 agricolas
1282 1506 1609 1561 feneratores
1640 1508 1851 1560 naucle-

151 1599 346 1650 rosque
401 1581 664 1650 perficiet,
719 1581 968 1634 similiter
1029 1583 1191 1633 etiam
1252 1582 1367 1650 ipse
1417 1600 1515 1650 pro
1572 1583 1848 1652 signorum

86 1676 130 1709 20
152 1656 430 1725 varietate,
476 1655 620 1708 Mars
667 1655 901 1708 medicos
953 1657 1197 1708 tonsores
1245 1659 1300 1708 et
1346 1674 1576 1724 quorum
1624 1675 1710 1708 ars
1755 1659 1850 1708 aut

154 1747 220 1781 ex
266 1730 407 1782 ferro
457 1729 811 1782 substantiam
858 1729 1054 1782 habeat
1105 1733 1198 1782 aut
1246 1748 1312 1781 ex
1367 1731 1504 1801 igni,
1550 1729 1849 1784 Mercurius

156 1803 250 1872 qui
290 1803 469 1856 officia
517 1821 684 1855 canna
723 1805 808 1856 vel
853 1803 1039 1874 lingua
1084 1803 1170 1856 vel
1217 1805 1458 1858 oratione
1507 1807 1850 1874 pertractent,

154 1875 417 1930 Saturnus
456 1877 754 1931 laboriosos
787 1878 1086 1930 urinatores
1118 1880 1411 1947 naucleros,
1452 1879 1545 1931 sed
1577 1879 1670 1947 qui
1703 1879 1850 1930 omni

153 1951 484 2004 infelicitatis
517 1969 710 2021 genere
750 1951 1128 2020 deprimantur.
1201 1951 1304 2004 Sed
1336 1953 1468 2006 haec
1501 1953 1680 2006 omnia
1712 1953 1849 2004 sicut

84 2046 129 2079 25
153 2025 458 2094 frequenter
511 2026 744 2078 diximus
798 2044 897 2094 pro
962 2027 1240 2096 signorum
1294 2028 1551 2079 varietate
1613 2026 1848 2078 definies

153 2098 230 2152 Ut
283 2102 461 2151 autem
515 2100 650 2151 scias
705 2118 772 2151 an
827 2099 885 2152 in
947 2100 1172 2153 decretis
1226 2100 1433 2153 artibus
1496 2104 1848 2169 perseverent,
1871 2100 1934 2152 11

277 2279 298 2316 1
336 2276 382 2316 et
421 2274 526 2328 quis
565 2273 694 2318 locus
727 2290 754 2316 a
802 2275 890 2317 act.
933 2274 1014 2330 qui
1053 2274 1138 2318 loc.
1166 2288 1191 2318 σ
1313 2280 1338 2317 2
1371 2275 1634 2318 invenietur
1676 2276 1737 2333 Δ]
1780 2275 1850 2318 in-

155 2332 339 2376 venitur
369 2337 406 2375 A
445 2333 652 2377 invenies
684 2337 717 2375 B
749 2333 1014 2376 inveniatur
1046 2338 1118 2376 (ἓν
1175 2335 1182 2392 Ι
1239 2334 1470 2379 inveneris
1502 2334 1682 2378 veneris
1715 2337 1754 2377 Δ

155 2396 181 2434 3
216 2394 263 2435 et
294 2406 378 2436 om.
408 2394 455 2435 Γ
498 2394 504 2449 Ι
560 2391 800 2436 dominum
824 2394 864 2436 Δ
898 2398 939 2437 et
970 2394 997 2436 l.
1031 2398 1058 2436 4
1180 2397 1206 2436 5
1241 2393 1383 2437 simili
1413 2394 1553 2438 modo
1587 2396 1626 2437 Δ
1663 2393 1671 2452 Ι
1706 2393 1851 2437 etiam

160 2451 227 2508 Γ]
262 2453 310 2495 et
341 2453 380 2493 Δ
517 2456 542 2494 6
575 2452 659 2495 hos
691 2466 775 2496 om.
802 2454 841 2494 A
978 2456 1001 2494 ‘1
1037 2453 1278 2508 oportunis
1311 2455 1399 2496 AG
1447 2454 1454 2511 1
1504 2453 1686 2496 locatus
1719 2455 1757 2496 A

156 2515 182 2553 9
215 2509 321 2553 vide
353 2524 435 2554 om.
470 2512 508 2553 A
569 2512 576 2567 Ι
635 2513 890 2567 oportunus
922 2515 1004 2553 BG
1044 2511 1319 2567 opportunis
1350 2517 1390 2554 N
1543 2517 1597 2555 10
1629 2526 1722 2555 non
1755 2511 1849 2555 sint

155 2573 238 2611 AG
362 2574 413 2612 11
449 2570 556 2613 add.
588 2585 615 2612 a
738 2574 792 2613 12
826 2570 1100 2625 opportunis
1132 2573 1171 2613 A
1207 2574 1495 2627 opportunus
1529 2575 1564 2613 G
1688 2575 1741 2614 14
1776 2585 1848 2614 ra-

155 2627 285 2671 tione
316 2631 395 2670 AB
453 2630 460 2683 Ι
516 2629 806 2684 respexerint
837 2631 875 2672 A
1001 2635 1054 2673 16
1096 2629 1286 2673 inventa
1316 2632 1461 2688 ΒΘΗ]
1495 2630 1675 2674 incerta
1707 2629 1803 2672 A‘n
1838 2630 1843 2686 0

156 2686 536 2742 emplastratores
562 2688 601 2745 ζ]
628 2687 881 2743 plastratos
905 2688 963 2742 cf.
996 2692 1099 2742 311,
1123 2702 1168 2732 20
1205 2689 1510 2745 palaestricos
1535 2707 1562 2733 κ
1685 2693 1738 2732 17
1764 2702 1847 2744 pro

157 2747 265 2803 ΑΔ]
292 2748 340 2790 et
362 2750 395 2788 B
422 2750 492 2800 (ex
517 2748 588 2802 ex)
613 2760 697 2791 om.
716 2751 787 2789 Gv
911 2751 964 2789 18
990 2753 1032 2792 et
1056 2752 1110 2791 23
1149 2747 1409 2791 nauclerios
1434 2749 1560 2792 codd.
1577 2753 1725 2813 praet.
1752 2752 1789 2790 Δ

161 2809 212 2847 19
248 2805 463 2849 similiter
494 2819 578 2849 om.
605 2808 643 2848 A
798 2810 854 2849 20
887 2807 968 2849 aut
999 2820 1082 2850 om.
1109 2810 1148 2850 A
1302 2812 1352 2850 21
1391 2807 1644 2850 Mercurius
1677 2806 1758 2861 qui
1790 2807 1846 2863 Δ]

158 2863 506 2919 mercuriusque
538 2868 616 2906 BG
655 2865 997 2921 mercativeque
1029 2868 1068 2908 A
1208 2870 1261 2908 22
1296 2867 1465 2923 canna]
1506 2879 1647 2909 causa
1670 2870 1709 2907 N
1748 2879 1847 2909 car-

158 2922 285 2966 mina
308 2926 341 2965 13
494 2928 549 2967 24
582 2923 721 2967 sicuti
754 2926 792 2966 A
834 2924 988 2978 sequti
1020 2928 1052 2966 B
