2066 3192
222 96 247 148 l
260 96 328 148 14
951 97 1180 142 FIRMICI

215 217 516 287 duplicibus
553 218 719 289 signis
760 218 1079 288 dividantur,
1117 219 1413 272 inefficacia
1450 237 1574 272 vero
1614 222 1744 272 tunc
1783 221 1908 270 sunt

216 292 464 360 quotiens
505 292 734 346 solidum
775 293 1120 347 intervenerit
1159 294 1386 364 signum.

973 426 1143 480 XXII.

168 515 194 566 1
328 513 440 582 [De
486 514 584 567 his
633 515 739 583 qui
787 515 976 569 simul
1025 516 1209 586 sunt]
1287 515 1363 569 Ut
1411 517 1751 569 omnifariam
1790 515 1907 584 tibi,

214 587 447 640 Mavorti
487 588 645 641 decus
683 593 944 658 nostrum,
983 591 1219 660 integras
1256 590 1611 643 mixturarum
1643 590 1908 643 efficacias
1955 615 1974 648 5

215 661 537 731 intimemuS‚
581 664 856 717 extricatis
895 665 1125 734 trigonis
1166 665 1415 717 mixturis
1453 666 1654 734 pariter
1693 668 1746 717 et
1785 683 1910 733 qua-

176 747 180 749 ’
216 736 403 805 dratis,
449 740 502 790 et
543 739 686 790 omni
729 738 1111 791 diametrorum
1150 739 1446 792 radiatione
1485 739 1786 809 specialiter
1823 757 1910 790 ex—

213 810 435 879 plicata,
500 830 643 864 nunc
697 812 906 866 iunctas
963 815 1238 866 stellarum
1292 813 1572 866 societates
1626 812 1910 866 manifesta

216 887 475 938 sermonis
525 887 966 956 interpretatione
1013 887 1372 957 signabimus»,
1418 892 1478 940 ut
1526 889 1672 940 omni
1718 888 1910 940 mixtu-

35 976 97 1012 roz
109 970 225 1006 4701!
244 978 424 1012 rarum
471 963 858 1044 temperatione
905 965 1202 1014 monstrata
1249 962 1314 1014 ad
1360 961 1611 1032 specialia
1649 961 1910 1030 apoteles-
1934 985 1976 1016 10

216 1037 420 1087 matum
460 1034 668 1087 decreta
708 1035 996 1088 veniamus,

163 1107 197 1160 2
327 1107 664 1178 [Saturnus
712 1113 772 1162 et
817 1108 1111 1179 Iuppiter
1158 1110 1385 1180 simul]
1443 1109 1500 1162 Si
1549 1109 1809 1164 Saturnus
1857 1113 1910 1162 et

214 1181 457 1253 Iuppiter
495 1202 662 1236 unum
701 1183 999 1253 hospitium
1038 1185 1206 1254 partis
1248 1185 1571 1253 acceperint,
1615 1188 1668 1236 et
1706 1184 1763 1236 in
1800 1203 1908 1237 uno

214 1257 333 1310 loco
394 1259 595 1327 pariter
655 1258 933 1312 constituti
997 1258 1266 1328 aequabili
1321 1259 1590 1311 societatis
1645 1262 1909 1328 potestate

215 1331 528 1402 iungantur,
577 1333 618 1384 si
668 1334 725 1385 in
774 1335 1087 1402 opportunis
1136 1334 1411 1403 geniturae
1457 1334 1590 1386 locis
1639 1337 1690 1385 et
1730 1334 1786 1384 in
1825 1332 1908 1386 his
1935 1354 1975 1387 15
2039 1329 2062 1406 *2

214 1407 271 1459 in
311 1407 507 1475 quibus
555 1407 789 1477 gaudent
833 1408 1002 1478 signis
1043 1407 1127 1459 vel
1165 1407 1410 1476 partibus
1450 1407 1554 1459 ista
1593 1408 1791 1460 fuerint
1830 1426 1910 1459 ra-

217 1481 451 1535 diatione
492 1482 762 1534 societatis
804 1482 1097 1550 coniuncti,
1140 1482 1413 1534 felicitatis
1454 1482 1710 1552 insignia,
1749 1482 1909 1550 patri-

215 1555 383 1608 monii
424 1558 727 1626 augmenta,
766 1557 969 1626 gloriae
1009 1557 1303 1625 commoda7
1347 1557 1561 1608 virtutis
1602 1556 1910 1624 incorrupta

216 1630 502 1698 praesidia,
555 1631 765 1683 felicem
817 1630 1057 1684 sobolem
1108 1630 1343 1682 filiorum
1395 1648 1459 1682 ex
1505 1632 1609 1683 ista
1655 1631 1909 1683 societate

166 1702 521 1772 3decernunt‚
559 1705 872 1773 praesertim
915 1705 958 1756 si
998 1705 1161 1756 fuerit
1201 1704 1391 1756 diurna
1430 1706 1689 1773 genitura.
1759 1704 1910 1757 Tunc
1935 1727 1977 1758 20
2059 1739 2062 1742 ·

218 1778 359 1831 enim
409 1782 559 1832 actus
605 1779 889 1846 maximos,
937 1783 1066 1831 tunc
1105 1779 1496 1848 procurationis
1536 1779 1733 1847 officia,
1782 1782 1910 1830 tunc

218 1853 506 1924 iniungunt
551 1853 754 1905 alienae
801 1853 1133 1906 substantiae
1179 1853 1504 1907 facultatem.
1584 1851 1686 1905 Sed
1730 1853 1774 1904 si
1821 1871 1910 1906 eos

218 1927 294 1980 sic
340 1927 547 1997 positos
595 1946 659 1980 ex
706 1927 967 1996 superiori
1016 1927 1133 1979 loco
1181 1927 1326 1979 Mars
1374 1928 1570 1979 minaci
1616 1927 1910 1979 radiatione

216 2002 531 2069 pulsaverit,
571 2005 744 2054 totum
784 2002 887 2054 hoc
928 2002 1071 2071 quod
1111 2001 1341 2054 diximus
1382 2001 1562 2054 invida
1602 2001 1791 2054 Martis
1831 2020 1910 2053 ra-

218 2075 452 2129 diatione
491 2079 742 2129 mutatur.
1935 2097 1975 2129 25

166 2148 201 2198 4
332 2149 668 2219 [Saturnus
701 2153 763 2202 et
794 2149 958 2204 Mars
990 2150 1275 2219 pariter.]
1312 2149 1368 2202 Si
1395 2149 1656 2202 Saturnus
1690 2152 1743 2202 et
1765 2149 1908 2201 Mars

340 2263 392 2302 12
428 2263 530 2314 161,
555 2262 615 2303 32
646 2259 782 2303 Μετὰ
814 2260 865 2303 δὲ
898 2259 1012 2309 Διὸς
1044 2256 1109 2302 ὢν
1141 2258 1164 2302 ὁ
1198 2256 1473 2330 Κρόνος..
1510 2258 1810 2316 συμβάλλεται
1844 2258 1909 2308 εἰς

221 2317 491 2373 οἰκονομίας
539 2319 616 2362 καὶ
663 2317 917 2373 ἐπιτροπὰς
955 2319 1035 2362 καὶ
1075 2315 1326 2372 ἀλλοτρίων
1367 2317 1511 2374 ἔργων
1552 2318 1632 2361 καὶ
1665 2317 1908 2374 κτημάτων

221 2374 531 2432 ἐμπίστευσιν·
566 2377 750 2422 ἔσονται
783 2377 834 2421 δὲ
867 2378 947 2420 καὶ
977 2375 1255 2433 τιμη(τικοί>,
1295 2384 1377 2421 τοῦ
1402 2375 1568 2432 Ἄρεως
1599 2376 1659 2433 μὴ
1693 2375 1904 2430 ὁρῶντος

221 2440 274 2478 26
309 2437 500 2481 Doroth.
527 2437 683 2481 Sidon.
711 2438 804 2480 III
830 2438 875 2493 (l.
903 2451 937 2480 c.
957 2451 1005 2492 p.
1028 2439 1099 2492 71)
1134 2435 1190 2492 ἢν
1217 2434 1261 2479 δ’
1293 2454 1351 2491 αρ
1372 2434 1600 2494 Ἐνυαλίῳ
1626 2434 1763 2493 συνέῃ
1790 2434 1910 2490 Κρό-

339 2537 364 2574 2
389 2532 691 2576 intervenerit
714 2533 772 2591 N]
796 2531 1047 2576 intervenit
1069 2534 1114 2575 Γ
1139 2532 1382 2575 intraverit
1405 2537 1440 2574 1)
1549 2537 1571 2575 7
1599 2531 1754 2574 omnia
1779 2534 1909 2574 AGB

221 2595 246 2633 8
280 2590 518 2635 iuncturas
544 2594 583 2635 Δ
628 2594 633 2649 Ι
677 2591 987 2648 proprietates
1011 2607 1039 2633 v
1131 2596 1155 2633 9
1190 2591 1480 2648 signabimus
1505 2591 1562 2649 N]
1589 2589 1872 2647 signavimus
1902 2606 1905 2648 Ι

222 2650 428 2693 omnium
453 2666 511 2694 m.
537 2650 924 2707 interpretatione
948 2655 986 2692 N
1109 2655 1161 2694 12
1197 2649 1469 2694 Coniunctio
1497 2649 1683 2693 Saturni
1717 2651 1763 2692 et
1786 2649 1908 2692 Iovis

220 2713 259 2750 N
283 2715 323 2753 et
344 2712 410 2753 sie
432 2724 601 2766 semper
723 2715 776 2754 13
801 2711 963 2766 unum]
989 2710 1126 2752 unius
1153 2723 1177 2752 6
1200 2715 1241 2754 et
1263 2711 1469 2765 deinceps
1592 2714 1644 2751 14
1677 2709 1909 2764 potestate

222 2768 459 2811 societatis
491 2773 530 2811 N
568 2769 816 2825 potestatis
850 2769 1071 2812 societate
1104 2773 1184 2810 DG
1336 2773 1389 2811 16
1423 2768 1568 2824 signis
1601 2767 1720 2811 alter
1751 2780 1908 2811 eorum

221 2827 292 2869 vel
317 2830 356 2870 Δ
398 2832 404 2884 Ι
446 2828 625 2871 ratione
652 2831 690 2871 Δ
815 2833 870 2871 22
902 2827 1154 2884 iniungunt
1178 2828 1235 2884 N]
1261 2827 1462 2883 iungunt
1504 2829 1510 2884 Ι
1552 2825 1825 2869 facultatem
1849 2827 1906 2882 N]

221 2890 445 2944 facultate
479 2903 736 2957 postestate
761 2906 797 2944 A
829 2902 1109 2957 potestatem
1135 2905 1258 2943 Bon
