2066 3192
801 144 865 189 VI
896 147 937 201 3,
961 155 1063 189 2—9
1709 141 1777 193 73

92 268 273 337 efficit,
319 270 381 319 ut
425 266 533 319 ilh‘s
580 282 732 336 reges
780 265 959 317 omnia
1005 252 1153 317 actus
1200 265 1284 316 sui
1323 264 1501 317 officia
1540 263 1779 316 commit-

90 344 229 411 tant3
266 341 570 410 frequenter
609 340 770 392 etiam
809 356 1002 391 munus
1041 337 1340 407 praeclarae
1377 337 1664 408 legationis
1703 336 1780 390 in-

92 418 311 483 ponunt.
381 413 484 467 Sed
529 413 588 467 hi
639 413 821 466 nimiis
859 412 1169 466 infortuniis
1209 430 1274 465 ex
1304 412 1539 465 filiorum
1573 411 1780 464 casibus
1799 411 1832 463 6

92 490 403 560 fatigantur,
456 491 510 540 et
562 489 867 541 amittentes
921 487 1062 540 filios
1118 489 1213 539 aut
1267 486 1494 539 alienam
1541 487 1781 538 sobolem

47 583 67 616 5
91 563 295 616 nutrire
335 565 613 634 coguntur,
660 565 753 614 aut
792 564 933 614 certe
971 561 1113 615 filios
1154 579 1279 614 suos
1321 560 1414 630 [si]
1454 563 1580 629 post
1616 559 1942 614 mul-f01-68r1

92 641 204 690 tum
239 637 492 706 temporis
524 636 763 706 spatium
795 636 1060 704 recipiunt
1092 635 1158 688 ab
1192 634 1310 688 aliis
1342 635 1607 688 educatos.
1678 632 1782 686 Sed

92 711 224 765 haec
270 715 397 764 tunc
442 711 749 764 efficiuntur
796 711 842 762 si
889 709 1001 763 sine
1044 710 1352 762 testimonio
1392 709 1582 761 Martis
1621 708 1782 761 fuerit

94 786 281 838 diurna
319 786 577 857 genitura.
657 783 715 837 Si
762 785 902 837 enim
949 787 1042 836 aut
1079 783 1224 837 Mars
1271 785 1428 836 istam
1467 782 1780 836 mixtionem
1804 781 1832 833 7

93 860 288 914 minaci
326 858 620 913 radiatione
656 858 964 928 pulsaverit,
1003 861 1095 910 aut
1127 859 1198 911 sit
1227 861 1493 911 nocturna
1523 857 1784 928 genitura,

27 955 69 988 ιο
92 934 224 987 haec
277 952 411 1003 quae
467 933 698 986 diximus
752 934 1068 985 minuuntur
1119 933 1312 985 omnia.
1389 931 1509 984 Hoc
1553 931 1784 1000 amplius

94 1012 147 1061 et
191 1008 657 1078 reprehensionem
704 1007 936 1060 invidiae
984 1010 1036 1060 et
1083 1007 1486 1060 contrarietates
1535 1026 1560 1055 *
1582 1026 1607 1055 *
1628 1026 1677 1074 212,
1732 1008 1785 1057 et

92 1082 261 1136 malae
308 1081 685 1136 insinuationis
730 1081 920 1134 latenti
965 1081 1147 1151 pulsat
1192 1081 1414 1150 invidia,
1465 1083 1558 1133 aut
1610 1082 1785 1133 totum

96 1157 352 1226 quicquid
390 1157 520 1209 boni
560 1156 828 1209 decretum
867 1156 1052 1226 fuerit,
1099 1155 1377 1209 inimicum
1415 1154 1785 1208 testimonium

92 1231 282 1284 Martis
322 1232 598 1302 inpugnat.

29 1325 70 1360 ¹5
207 1320 547 1390 [Saturnus
586 1322 647 1372 et
684 1319 849 1373 Mars
890 1319 1174 1391 trigoni]
1230 1318 1289 1372 Si
1328 1318 1589 1372 Saturnus
1627 1318 1837 1372 Marti8

95 1395 258 1447 fuerit
295 1395 561 1466 trigonica
597 1394 895 1448 radiatione
935 1394 1272 1463 coniunctuS,
1321 1397 1373 1447 et
1410 1394 1468 1446 in
1507 1391 1788 1462 oportunis

97 1469 372 1540 geniturae
410 1469 542 1522 locis
581 1469 723 1538 (sit)
766 1469 869 1521 ista
905 1469 1142 1538 sociatiO,
1181 1469 1394 1538 sintque
1427 1468 1584 1520 ambo
1617 1468 1673 1520 in
1703 1467 1788 1520 his

97 1546 153 1597 in
194 1543 388 1613 quibus
429 1543 662 1615 gaudent
704 1543 891 1613 signis,
940 1543 1026 1596 vel
1071 1544 1128 1595 in
1167 1543 1362 1612 quibus
1402 1543 1636 1612 gaudent
1672 1561 1787 1611 par—

96 1618 264 1686 tibus,
319 1618 403 1671 vel
456 1618 514 1670 in
567 1619 762 1686 quibus
816 1617 1140 1684 exaltantur,
1195 1635 1293 1671 nec
1346 1617 1454 1671 illis
1500 1615 1643 1669 Iovis
1698 1620 1790 1668 aut

31 1714 73 1747 20
98 1692 346 1745 Mercurii
400 1692 768 1745 testimonium
817 1692 974 1762 desit,
1019 1692 1217 1744 facient
1260 1693 1408 1744 lucra
1452 1691 1687 1743 maxima
1737 1693 1790 1743 et

99 1767 379 1820 cottidiani
406 1770 657 1835 quaestus
682 1767 1008 1819 incrementa
1032 1766 1335 1819 decernunt.
1386 1765 1605 1818 Facient
1627 1765 1790 1818 etiam
1808 1765 1840 1817 9

97 1841 230 1894 tales
280 1841 524 1895 homines
580 1859 713 1910 quos
760 1841 816 1893 in
864 1841 1113 1894 omnibus
1161 1841 1368 1894 actibus
1415 1858 1668 1909 prospere
1715 1858 1791 1892 se-

99 1919 294 1985 quatur
343 1918 576 1985 eventUS,
628 1918 681 1968 et
732 1914 824 1984 qui
862 1914 990 1985 <in>
1030 1916 1176 1968 omni
1226 1918 1348 1967 actu
1399 1915 1680 1985 eriguntur
1729 1913 1790 1966 li-

99 2139 292 2165 ται
342 2123 442 2177 (10)
499 2119 628 2164 ἄλλοι
680 2118 895 2178 πρέσβεις
941 2120 1020 2163 καὶ
1074 2119 1188 2175 ὑπὲρ
1244 2117 1470 2175 πατρίδος
1516 2118 1790 2170 στέλλονται,

100 2180 320 2230 πολλάκις
351 2178 403 2223 δὲ
436 2181 497 2236 (4)
530 2179 608 2223 καὶ
640 2177 857 2234 ἀλλότρια
889 2177 1027 2223 τέκνα
1073 2178 1400 2235 ἀνατρέψουσι.
1553 2183 1579 2222 8
1613 2182 1716 2232 164,
1734 2182 1792 2222 13

10 2247 14 2307 ι’
103 2239 143 2284 εἰ
176 2239 199 2283 ὃ
238 2237 370 2295 ’Ἆρης
408 2238 486 2297 ἴδῃ
521 2273 621 2293 ...,
664 2241 752 2296 (11)
802 2237 1060 2297 βασκανίας
1106 2236 1272 2295 ἐγείρει
1319 2239 1398 2282 καὶ
1445 2237 1666 2297 διαβολὰς
1712 2238 1787 2281 καὶ

102 2296 276 2355 ζημίας.
451 2303 614 2354 20—p.
643 2302 698 2341 74
738 2297 768 2341 l.
794 2302 820 2340 3
856 2301 958 2353 165,
983 2301 1011 2342 3
1051 2295 1273 2354 εὐπορίας
1304 2298 1382 2341 καὶ
1427 2295 1682 2355 εὐπραγίας
1713 2297 1793 2341 καὶ

104 2359 248 2417 ἀρχῆς
278 2355 528 2414 ποιητικός.

226 2541 246 2578 1
283 2549 440 2579 omnes
458 2538 497 2579 Δ
528 2537 534 2591 Ι
563 2537 749 2579 actuum
777 2549 962 2578 suorum
988 2550 1014 2577 a.
1107 2539 1131 2577 2
1164 2534 1364 2591 imponit
1387 2537 1426 2578 Δ
1460 2533 1689 2590 inponant
1713 2538 1737 2587 ζ

112 2599 134 2638 3
166 2594 304 2638 nimis
337 2609 448 2639 corr.
476 2610 502 2636 a
616 2598 642 2637 5
675 2595 756 2638 dez.
783 2610 810 2637 a
919 2598 943 2636 7
975 2594 1092 2638 haec
1124 2608 1206 2638 om.
1233 2596 1272 2637 Δ
1382 2598 1408 2637 8
1441 2595 1522 2637 aut
1553 2607 1636 2638 om.
1663 2596 1702 2637 Δ

110 2659 134 2697 9
167 2653 230 2698 sit
264 2654 330 2712 Γ]
371 2654 410 2696 si
443 2656 530 2697 AG
667 2658 717 2696 11
761 2654 928 2698 excidit
964 2653 1056 2708 fere
1096 2653 1304 2696 decernit
1336 2655 1359 2705 ζ
1479 2658 1532 2696 12
1574 2655 1655 2696 aut
1686 2654 1792 2711 AG]

106 2715 159 2756 ut
186 2716 233 2757 Γ
260 2715 306 2756 et
330 2730 357 2756 κ
451 2717 505 2756 15
540 2711 763 2756 Saturnus
797 2714 843 2755 et
867 2712 991 2755 Mars
1023 2712 1198 2755 fuerint
1220 2713 1407 2768 trigona
1429 2726 1464 2755 r.
1492 2712 1727 2755 coniuncti
1751 2715 1790 2755 Δ

109 2774 174 2828 (at
218 2772 359 2815 fuerit
405 2778 447 2817 et
489 2771 761 2815 coniunctus
800 2774 852 2827 D)
999 2776 1051 2814 17
1085 2773 1190 2815 add.
1223 2787 1250 2814 a.
1371 2776 1424 2814 21
1468 2771 1677 2814 decernit
1707 2774 1747 2814 A

109 2831 285 2875 facient
315 2832 422 2889 AA]
470 2831 651 2874 faciunt
832 2835 885 2873 22
920 2843 1011 2886 quo
1042 2835 1077 2872 Ι)
1111 2831 1191 2886 qui
1222 2835 1260 2872 N
1303 2832 1308 2886 1
1352 2830 1536 2873 actibus
1583 2845 1666 2874 om.
1708 2833 1747 2873 A

108 2904 302 2946 prosper
331 2905 361 2933 v
414 2890 534 2946 quod
573 2890 708 2934 etiam
747 2892 798 2934 in
833 2892 880 2933 Γ
911 2891 1053 2943 fuisse
1091 2890 1217 2934 docet
1244 2890 1437 2943 fortasse
1477 2890 1602 2933 lectio
1640 2902 1793 2946 perse-

28 2991 30 2995 ,
108 2951 279 3007 quatur
305 2953 383 2991 AB
416 2950 689 3006 (sequantur
718 2950 772 3006 N)
865 2952 919 2992 23
953 2949 1058 2993 add.
1085 2965 1111 2991 a
1139 2951 1144 3006 Ι
1173 2948 1413 3006 erigantur
1444 2951 1504 3001 σζ
