2084 3192
789 116 874 160 VH
906 122 977 171 25,
1002 129 1115 161 1—8.
1690 117 1795 168 271

108 238 396 291 libidinum
435 237 566 290 vitia
604 238 972 290 decernuntur.
1052 235 1150 288 Sed
1194 240 1247 288 et
1294 237 1339 288 si
1377 235 1640 290 Venerem
1681 257 1706 284 *
1726 259 1753 286 »ι
1773 258 1797 284 *

109 312 368 365 diametra
396 311 482 364 vel
514 311 771 380 quadrata
801 310 1096 363 radiatione
1127 311 1435 380 respexerit,
1467 314 1520 364 et
1551 310 1799 363 omnibus

109 385 215 437 illis
253 385 395 438 Iovis
432 385 804 438 testimonium
843 385 1147 455 denegetur,
1185 385 1243 436 in
1280 384 1550 437 femininis
1584 384 1800 453 quidem

107 460 439 530 (genituris)
469 459 651 525 †mali
683 462 808 528 post
839 458 943 511 dici
975 459 1278 527 pronuntia,
1317 459 1373 511 in
1404 459 1640 512 virorum
1671 477 1797 511 vero

63 556 82 588 5
107 534 368 603 genituris
414 534 586 604 gallos
633 533 870 587 abscisos
914 533 1078 586 dicito
1118 535 1172 584 et
1211 533 1473 585 cinaedos.
1551 531 1610 585 Si
1647 532 1851 586 Luna5

109 606 395 660 Saturnum
434 607 693 660 diametra
730 607 1027 660 radiatione
1062 607 1338 676 respiciat,
1375 606 1520 659 Mars
1559 625 1684 659 vero
1723 607 1800 659 ita

107 682 179 734 sit
215 682 424 750 positus
463 684 525 733 ut
562 682 661 733 hos
702 681 766 733 de
806 681 1064 749 quadrato
1103 679 1368 733 Venerem
1409 699 1532 733 vero
1582 681 1644 734 de
1691 681 1799 733 dia-

105 759 276 808 metro
316 755 514 824 videat,
572 758 626 807 et
680 773 861 808 omnes
906 755 966 807 hi
1013 757 1269 824 quattuor
1316 756 1639 808 conmutatis
1687 755 1797 807 suis

106 829 352 882 domibus
378 829 624 897 existant,
655 829 906 882 mulieres
938 829 1152 898 quidem
1184 828 1392 882 steriles
1422 829 1798 899 viraginesque

39 925 82 958 10
106 904 403 973 perficiunt,
441 905 707 956 masculos
747 906 924 956 autem
965 903 1227 956 cinaedos.
1304 902 1409 956 Sed
1447 907 1500 955 et
1540 903 1586 954 si
1618 901 1798 956 Satur-

103 996 205 1030 nus
246 995 366 1030 cum
404 976 559 1030 Luna
605 979 660 1029 in
707 996 813 1031 uno
863 978 1017 1048 signo
1064 979 1272 1046 positus
1319 978 1375 1030 in
1423 977 1604 1030 eadem
1656 976 1798 1048 signi

104 1055 253 1120 parte
291 1052 455 1104 fuerit
488 1051 796 1121 collocatus,
835 1051 1081 1104 cinaedos
1113 1051 1322 1104 efficiet.
1400 1051 1552 1103 Luna
1585 1054 1848 1120 quoquess

106 1130 159 1178 et
196 1125 379 1178 Venus
434 1126 491 1178 in
538 1126 720 1178 eadem
774 1129 928 1195 parte
979 1126 1186 1195 positae
1234 1126 1480 1179 cinaedos
1532 1126 1797 1195 efficiunt3

103 1199 286 1253 Venus
343 1218 556 1269 quoque
611 1204 664 1253 et
718 1199 812 1253 Sol
873 1201 928 1252 in
983 1198 1129 1252 VIII.
1184 1200 1250 1252 ab
1312 1200 1614 1268 horoscopo
1675 1200 1795 1253 loco

37 1295 78 1327 1⁵
103 1274 268 1342 positi
329 1274 577 1326 cinaedos
639 1274 893 1327 efficiunt.
998 1273 1101 1327 Sed
1163 1277 1216 1326 et
1279 1275 1325 1327 si
1384 1274 1680 1328 Mercurius
1742 1277 1796 1326 et

103 1347 286 1400 Venus
332 1350 390 1400 in
435 1347 805 1401 malivolarum
854 1348 1127 1402 stellarum
1181 1349 1288 1401 sint
1342 1348 1589 1400 domibus
1636 1349 1796 1402 collo—

103 1423 224 1491 cati,
263 1422 409 1474 Mars
448 1440 571 1474 vero
613 1423 682 1475 sit
721 1426 774 1475 et
815 1421 1076 1476 Saturnus
1117 1423 1171 1474 in
1212 1422 1437 1475 Veneris
1479 1423 1654 1491 dom0,
1692 1423 1796 1475 hoc

102 1497 240 1548 idem
298 1496 459 1548 simili
513 1497 721 1550 ratione
773 1497 1070 1565 perficiunt.
1165 1496 1269 1550 Sed
1328 1499 1391 1548 ut
1450 1498 1554 1550 hoc
1613 1497 1844 1566 partili?

101 1571 276 1639 possis
330 1571 537 1623 ratione
591 1571 864 1641 colligere,
909 1571 1141 1625 breviter
1180 1571 1469 1624 ostendam.
1549 1569 1794 1640 Conputa

34 1666 78 1698 20
101 1663 132 1695 a
170 1644 322 1697 Luna
361 1644 428 1696 ad
465 1644 742 1714 Venerem,
782 1648 835 1697 et
873 1646 1188 1698 tantundem
1227 1646 1295 1698 ab
1343 1644 1658 1714 horoscopo,
1736 1643 1795 1698 Si

101 1718 157 1770 in
195 1719 454 1771 feminino
503 1720 658 1789 signo
705 1737 958 1772 numerus
1006 1719 1271 1787 ceciderit,
1333 1723 1386 1772 et
1423 1719 1577 1772 Luna
1627 1720 1697 1772 sit
1738 1719 1795 1771 in

101 1793 357 1846 feminino
405 1793 560 1863 signo
608 1794 904 1847 constituta
948 1795 1050 1863 (a)
1096 1793 1265 1846 XXV.
1305 1813 1474 1863 usque
1521 1793 1587 1846 ad
1625 1792 1792 1846 XXX.

100 1870 324 1935 partem,
355 1867 621 1921 masculos
654 1868 902 1921 cinaedos
935 1868 1188 1938 invenieS,
1220 1868 1311 1920 sed
1345 1868 1436 1936 qui
1467 1867 1571 1920 hoc
1604 1868 1794 1920 vitium

98 1941 327 1993 latenter
365 1945 659 2011 exerceant,
695 1943 920 1995 feminas
959 1961 1084 1995 vero
1118 1942 1281 1995 simili
1311 1942 1517 1994 ratione
1557 1943 1793 1994 meretri-

34 2035 75 2067 25
102 2033 203 2067 ces,
281 2013 386 2067 Sed
432 2015 693 2068 existente
738 2016 1086 2085 praecedente
1132 2034 1355 2069 numero
1403 2035 1433 2067 a
1471 2016 1678 2068 Venere
1726 2016 1844 2068 ad8

99 2088 305 2141 Lunam
362 2093 616 2157 conputa,
671 2094 724 2142 et
777 2091 1092 2143 tantundem
1146 2091 1213 2143 ab
1267 2090 1592 2159 horoscop0,
1645 2093 1699 2142 et
1745 2090 1791 2142 si

98 2181 350 2215 numerus
390 2163 447 2214 in
485 2163 743 2216 feminino
784 2164 938 2234 signo
980 2164 1243 2233 ceciderit,
1282 2164 1366 2216 dic
1404 2166 1548 2217 viros
1587 2164 1644 2216 in
1674 2164 1791 2216 istis

219 2387 241 2424 1
278 2381 600 2426 decernuntur.
647 2381 898 2427 Considera
923 2384 1066 2428 etiam
1091 2384 1131 2427 si
1156 2383 1313 2428 Venus
1338 2385 1570 2440 quadrata
1592 2384 1665 2428 vel
1690 2384 1785 2427 dia—

98 2443 248 2484 metra
279 2444 318 2484 Δ
378 2444 384 2496 Ι
442 2443 610 2486 excidit
640 2441 864 2486 Saturnus
895 2446 965 2488 vel
994 2443 1119 2486 Mars
1150 2460 1178 2486 κ
1333 2449 1358 2487 2
1391 2445 1678 2500 respexerint
1709 2448 1790 2486 AG

158 2504 183 2541 3
217 2500 479 2558 denegatur
510 2505 588 2543 AB
738 2506 766 2544 4
806 2503 912 2547 add.
947 2506 971 2555 ζ
1024 2505 1030 2559 Ι
1087 2502 1202 2546 mali
1232 2505 1341 2559 post
1372 2503 1484 2562 dici]
1528 2505 1788 2559 mastropos

97 2559 225 2602 nasci
258 2573 284 2602 σ
315 2559 463 2614 (nasci
495 2566 536 2604 et
558 2563 601 2617 κ)
659 2562 666 2615 Ι
722 2562 996 2617 pronuntiat
1026 2566 1064 2604 A
1103 2563 1412 2618 pronuntiant
1444 2568 1517 2604 Gv
1650 2567 1675 2605 5
1708 2562 1789 2605 ab-

99 2618 266 2662 scissos
299 2621 339 2662 A
391 2621 397 2674 Ι
456 2619 600 2663 dicito
634 2620 676 2678 σ]
711 2620 859 2676 digito
983 2626 1005 2663 7
1039 2621 1196 2665 Venus
1221 2625 1261 2665 Δ
1386 2626 1412 2666 8
1446 2621 1721 2666 commutati
1749 2623 1797 2664 Γ

159 2681 213 2720 10
245 2677 477 2721 masculos
510 2678 668 2733 (Ainos
700 2682 750 2735 B)
783 2682 941 2724 autem
976 2681 1044 2739 Γ]
1087 2681 1210 2724 viros
1241 2694 1349 2724 vero
1382 2684 1422 2724 A
1579 2687 1629 2723 11
1665 2680 1788 2737 signi

96 2750 179 2780 om.
217 2739 264 2780 Γ
411 2742 464 2780 18
498 2737 613 2781 haec
651 2738 800 2794 possis
838 2739 1001 2795 partili
1032 2738 1127 2782 A'B
1279 2745 1334 2783 22
1375 2739 1514 2783 XXV.
1548 2754 1694 2795 usque
1727 2739 1790 2782 ad

96 2794 235 2838 XXX.
277 2795 340 2839 sit
377 2811 461 2852 per
498 2797 728 2841 masculos
773 2798 878 2842 add.
911 2805 954 2843 et
987 2813 1099 2843 corr.
1131 2803 1157 2849 ζ
1194 2801 1317 2855 (post
1355 2815 1383 2841 a.
1425 2813 1540 2855 quae
1583 2813 1611 2841 a
1653 2800 1790 2854 parte

95 2852 235 2897 XXV.
272 2869 419 2910 usque
453 2856 514 2898 ad
544 2855 700 2913 XXX.)
844 2862 899 2901 26
940 2859 987 2901 et
1018 2858 1096 2902 alt.
1129 2872 1212 2902 om.
1247 2861 1287 2900 A
1347 2861 1353 2913 Ι
1411 2859 1450 2901 si
1489 2872 1707 2900 numerus
1740 2859 1788 2914 a]

97 2912 281 2969 signum
313 2914 413 2958 eius
447 2919 481 2956 G
513 2915 552 2958 si
585 2915 771 2971 signum
803 2916 901 2960 eius
932 2923 1009 2961 cet.
1042 2918 1168 2960 codd.
