2090 3198
264 152 373 203 314
996 150 1226 197 FIRMlCI

264 273 496 325 sinuosis
543 273 770 324 flexibus
817 272 1027 324 labitur.
1106 271 1436 341 Quicumque
1483 273 1586 325 hoc
1635 273 1806 326 sidere
1853 275 1952 327 ori-

76 358 274 402 foL107rI
296 350 415 399 ente
452 347 566 398 nati
605 346 820 414 fuerint,
859 350 1015 399 erunt
1053 345 1215 398 marsi
1253 346 1339 399 vel
1380 347 1474 415 qui
1505 348 1720 401 venenis
1753 351 1806 400 et
1835 347 1950 401 her-

262 420 451 473 barum
497 421 788 490 pigmentis
835 420 1088 473 salutaria
1131 419 1336 473 soleant
1375 421 1609 473 remedia
1649 439 1951 491 conparare.

264 493 323 547 Si
363 511 488 547 vero
529 495 632 547 hoc
671 494 816 547 sidus
856 495 913 546 in
954 512 1142 547 occasu
1182 494 1348 547 fuerit
1391 496 1690 566 inventum,
1743 514 1951 565 serpen-

260 571 376 620 tum
439 587 619 621 morsu
681 568 775 620 icti
836 568 922 620 vel
984 572 1125 622 certe
1178 568 1371 621 hausto
1426 586 1630 622 veneno
1685 570 1949 638 peribunt.
1997 591 2017 624 5

209 641 241 694 8
260 642 302 694 L
313 661 347 710 y
357 661 518 713 gnus
559 660 771 711 quoque
803 642 870 695 ad
898 642 1060 695 huius
1093 642 1235 712 signi
1265 643 1498 711 pertinet
1527 646 1749 712 partem.
1828 643 1952 706 Qui-

202 766 206 768 ,
262 735 488 785 cumque
527 716 631 769 hoc
666 716 836 769 sidere
869 717 1144 784 (oriente)
1174 718 1288 769 nati
1319 717 1533 786 fuerint,
1583 721 1738 771 erunt
1769 717 1951 771 metal-

260 790 434 843 lorum
475 790 778 843 inventores
819 791 911 859 qui
948 791 1174 843 latentes
1208 791 1325 843 auri
1364 794 1415 843 et
1454 792 1663 861 argenti
1702 809 1864 844 venas
1899 795 1952 844 et

260 868 556 917 ceterarum
605 866 901 933 specierum
949 864 1256 918 sollertibus
1300 865 1741 934 inquisitionibus
1780 884 1951 934 perse-

263 942 509 1007 quantur.
587 939 763 991 Erunt
802 938 962 991 etiam
1003 939 1300 992 monetarii.
1380 937 1434 991 Si
1485 958 1610 992 vero
1657 940 1761 993 hoc
1805 940 1951 992 sidus
1976 961 2019 993 10

261 1013 318 1066 in
358 1031 548 1067 occasu
586 1013 749 1066 fuerit
788 1014 1079 1081 inventum,
1120 1015 1172 1066 et
1203 1013 1347 1065 Mars
1382 1014 1437 1065 in
1470 1014 1589 1082 ipso
1622 1014 1740 1067 loco
1773 1013 1951 1082 fuerit,

233 1087 345 1139 -vel
393 1087 450 1140 in
501 1087 758 1140 diametro
809 1089 895 1140 vel
944 1087 1000 1139 in
1050 1087 1333 1156 quadrato,
1383 1090 1476 1140 aut
1525 1089 1741 1141 incensa
1791 1089 1949 1141 domo

259 1161 746 1231 conflagrabuntur,
793 1166 886 1214 aut
924 1161 1140 1231 publica
1181 1163 1441 1214 sententia
1480 1162 1711 1214 flammis
1750 1163 1951 1214 ultrici-

259 1236 359 1288 bus
399 1236 889 1288 concremabuntur.

206 1309 240 1361 9
369 1308 510 1363 Illud
557 1309 716 1362 etiam
764 1311 897 1363 scire
945 1309 1213 1378 debemm,
1265 1310 1408 1378 quod
1458 1310 1502 1362 si
1541 1311 1635 1363 illa
1672 1309 1806 1362 hora
1846 1328 1952 1379 qua
1975 1332 2017 1364 15

260 1385 541 1452 conpletur
577 1387 783 1453 partus,
832 1387 924 1437 aut
961 1388 1133 1437 terrae
1173 1387 1351 1436 motus
1390 1384 1575 1452 fuerit,
1614 1387 1706 1436 aut
1747 1384 1951 1437 caelum

258 1458 541 1527 tonaverit,
581 1458 903 1527 quicumque
934 1461 1092 1511 natus
1125 1458 1302 1525 fuerit,
1339 1476 1548 1527 semper
1577 1459 1805 1510 tremulo
1841 1476 1950 1511 cor-

226 1550 388 1600 pore
426 1533 692 1586 instabilis
734 1534 849 1599 erit,
891 1533 985 1601 qui
1026 1533 1188 1585 dubio
1230 1550 1414 1603 gressu
1453 1533 1951 1602 trepidantibusque

258 1606 498 1676 vestigiis
551 1625 646 1675 per
701 1607 879 1659 omnia
931 1607 1184 1659 horarum
1243 1610 1512 1659 momenta
1573 1607 1950 1659 inminentium

171 1679 240 1731 10
259 1680 551 1732 culminum
600 1684 776 1749 speret
823 1681 1004 1733 ruinas
1045 1683 1098 1733 et
1137 1684 1355 1733 metuat.
1432 1679 1575 1733 Huic
1615 1680 1755 1733 oculi
1794 1681 1951 1733 mica-
1975 1703 2018 1734 20

260 1754 417 1823 bunt,
457 1758 511 1807 et
549 1755 757 1806 ardenti
797 1755 907 1808 acie
949 1755 1128 1807 omnia
1167 1754 1600 1823 perhorrescunt,
1649 1772 1747 1807 nec
1786 1755 1950 1807 verba

259 1832 461 1881 certum
501 1828 741 1881 ordinem
781 1832 1005 1896 servant,
1046 1829 1136 1881 sed
1170 1828 1438 1898 inpeditus
1473 1847 1634 1881 sonus
1667 1828 1814 1882 vocis
1846 1831 1950 1881 tre-

261 1903 464 1954 mulum
498 1922 736 1955 murmur
769 1903 1006 1971 exibilat,
1042 1906 1133 1955 aut
1165 1903 1365 1955 strictis
1396 1903 1640 1955 faucibus
1671 1903 1798 1972 <in>
1830 1904 1949 1972 ipso

257 1995 466 2046 semper
520 1978 668 2029 exitu
721 1978 883 2030 verba
938 1976 1202 2029 deficiunt.
1279 1976 1555 2028 Putabunt
1608 1995 1817 2045 semper
1870 1981 1950 2029 to-

256 2069 405 2118 nare,
451 2055 647 2103 terram
697 2070 905 2120 semper
942 2051 1166 2116 moveri,
1214 2069 1420 2119 semper
1459 2051 1636 2103 omnia
1675 2069 1849 2120 ruere,
1896 2054 1950 2103 et
1974 2073 2016 2105 25

257 2124 469 2177 caducis
509 2126 698 2195 agitati
738 2126 1005 2178 erroribus
1045 2129 1218 2177 rectae
1259 2126 1676 2178 conversationis
1710 2125 1948 2178 ordinem

257 2199 495 2267 perdent.

258 2359 396 2402 minis
441 2359 639 2402 sinuosis
671 2359 748 2417 11²]
803 2359 1059 2403 fluminosis
1101 2358 1301 2403 sinuosis
1333 2359 1392 2402 11¹
1436 2358 1640 2402 fluminis
1681 2358 1875 2409 fumosis
1910 2363 1949 2400 N

257 2418 461 2461 fluminis
494 2418 574 2473 qui
607 2418 806 2461 sinuosis
843 2422 889 2462 Γ
1228 2439 1231 2442 ⁴

380 2483 401 2519 1
430 2477 607 2520 oriente
631 2492 715 2522 om.
738 2480 784 2520 Γ
892 2483 916 2520 2
944 2479 989 2520 et
1013 2479 1052 2535 ζ]
1081 2491 1135 2520 ex
1250 2482 1274 2519 3
1301 2490 1559 2533 conponere
1584 2494 1611 2520 κ
1726 2481 1751 2519 5
1777 2476 1948 2520 haustu

259 2537 433 2590 (hausti
457 2538 511 2592 N)
537 2539 762 2580 venenato
788 2539 827 2579 Δ
952 2542 975 2579 6
1002 2536 1156 2593 lignus
1182 2535 1234 2578 A‘
1266 2550 1443 2592 cygnus
1468 2539 1507 2579 Δ
1542 2537 1599 2590 cf.
1619 2537 1728 2580 Bon
1743 2536 1949 2591 Sphaera

257 2599 360 2638 400.
387 2598 475 2638 545
615 2600 638 2638 7
672 2597 777 2640 add.
810 2600 849 2637 N
985 2600 1009 2638 9
1044 2595 1291 2639 solertibus
1324 2598 1410 2638 AG
1468 2597 1473 2651 Ι
1530 2596 1881 2650 perscrutantur
1912 2598 1949 2636 A

320 2658 375 2696 10
407 2654 549 2697 etiam
577 2656 644 2713 Γ]
679 2657 725 2697 et
756 2657 796 2698 Δ
944 2660 997 2698 12
1033 2657 1112 2698 aut
1143 2655 1198 2711 A]
1233 2654 1308 2698 vel
1454 2658 1507 2696 13
1540 2654 1738 2696 flammis
1770 2652 1947 2696 ultrici-

257 2713 345 2755 bus
378 2727 461 2756 om.
487 2716 526 2756 Δ
653 2719 704 2757 16
738 2716 900 2769 partus
927 2714 1028 2771 AG]
1063 2717 1239 2769 parsA
1203 2712 1252 2755 A'
1378 2718 1429 2756 17
1463 2712 1670 2756 tonuerit
1694 2715 1734 2755 Δ
1793 2715 1798 2767 Ι
1855 2713 1947 2755 tre-

258 2771 385 2814 mulo
418 2773 495 2829 κζ]
528 2773 752 2816 tremulus
875 2778 927 2815 21
964 2772 1220 2815 ardenticie
1246 2774 1285 2815 A
1345 2774 1351 2828 Ι
1409 2772 1564 2815 omnia
1592 2771 1648 2829 A]
1681 2771 1888 2814 omnium

260 2835 314 2872 23
349 2834 431 2873 aut
463 2832 553 2889 Gv]
587 2834 639 2874 ut
670 2835 756 2875 AA
816 2834 820 2887 Ι
878 2830 1090 2874 faucibus
1123 2846 1205 2875 om.
1231 2835 1270 2872 N
1326 2833 1332 2885 Ι
1391 2832 1496 2874 add.
1530 2847 1557 2872 a
1614 2834 1620 2885 Ι
1677 2830 1799 2887 ipso]
1831 2831 1947 2872 tem—

258 2903 424 2954 porum
456 2893 495 2932 A
620 2896 674 2934 25
699 2886 971 2945 terramque
1003 2894 1041 2931 N
1170 2894 1223 2932 26
1258 2890 1446 2932 caducis
1478 2890 1555 2947 κζ]
1589 2889 1793 2932 caducae
1826 2891 1947 2945 (cae-

258 2947 326 2990 cis
353 2982 361 2991 .
390 2982 398 2991 .
426 2983 435 2991 .
460 2949 711 2992 terroribus
745 2952 787 3005 6)
845 2953 851 3004 Ι
909 2949 1079 3005 agitati
1111 2949 1191 3006 κσ]
1226 2948 1446 3004 cogitatis
