2066 3192
285 107 356 166 96
1011 111 1240 157 mamm

287 233 682 286 chinationibus
723 232 1012 303 [destituti]
1055 237 1108 286 et
1145 233 1351 286 callidis
1391 233 1971 302 circumscriptionibus

286 308 548 377 destituti,
588 307 653 359 ad
692 325 877 359 eorum
915 308 1207 360 utilitatem
1245 325 1380 376 quos
1418 309 1608 360 nociva
1647 325 1856 377 semper
1894 325 1973 360 ar-

285 386 397 435 mat
448 381 763 451 inprobitas,
816 399 1027 435 omnem
1079 381 1527 451 patrimoniorum
1581 399 1800 434 suorum
1855 381 1974 434 sub—

286 457 536 509 stantiam
581 455 768 508 nudati
816 455 1065 527 malignis
1113 455 1696 526 circumscriptionibus
1748 456 1974 509 transire

286 531 573 599 patiantur.
2022 551 2042 585 5

103 630 292 675 sol-71²'11
427 619 614 688 [Mars
648 622 708 671 et
738 618 912 672 Luna
944 618 1275 688 quadrati]
1322 617 1379 672 Si
1409 618 1553 672 Mars
1585 621 1639 671 et
1670 618 1821 671 Luna
1853 637 1977 688 qua-

177 692 270 747 ‚10
288 693 437 746 drata
482 694 682 746 fuerint
725 693 1021 746 radiatione
1067 693 1360 762 coniuncti,
1411 697 1464 746 et
1510 693 1683 745 dextri
1730 693 1978 761 quadrati

286 767 430 820 Mars
490 769 817 837 superiorem
876 767 1152 837 possidens
1209 770 1417 836 partem
1471 768 1529 820 111
1582 768 1797 820 sinistro
1853 785 1977 836 qua-

289 842 437 895 drato
501 842 705 895 Lunam
767 842 998 911 positam
1058 841 1254 894 minaci
1315 842 1608 895 radiatione
1669 843 1977 911 respexerit,

287 917 447 968 matri
501 917 603 969 ista
652 916 956 970 coniunctio
1008 916 1259 969 acerbum
1308 916 1517 985 pondus
1570 915 1846 969 viduitatis
1900 916 1976 967 in-
2002 937 2045 970 10

293 990 437 1061 dicit,
477 994 530 1043 et
567 989 706 1043 hanc
745 990 964 1043 eandem
1005 990 1299 1044 debilitatis
1339 990 1543 1043 viribus
1583 993 1675 1042 aut
1711 990 1976 1059 profluvio

293 1065 569 1135 sanguinis
631 1068 723 1117 aut
784 1065 1007 1117 miserae
1067 1065 1259 1118 mortis
1321 1064 1694 1117 atrocitatibus
1749 1064 1979 1133 perimit,

290 1140 436 1208 ipsos
482 1157 607 1192 vero
657 1139 748 1207 qui
786 1140 902 1191 nati
939 1139 1139 1192 fuerint
1178 1139 1381 1192 acerbis
1421 1139 1738 1191 daemonum
1775 1138 1980 1191 faciunt

290 1213 687 1266 incursionibus
733 1213 993 1282 inplicari,
1038 1217 1099 1265 ut
1146 1214 1321 1265 anima
1367 1213 1590 1283 maligni
1630 1213 1848 1282 spiritus
1886 1231 1978 1282 po-

291 1291 483 1342 testate
543 1306 787 1358 possessa
849 1288 1094 1340 daemoni
1151 1289 1207 1340 in
1258 1305 1479 1356 corpore
1530 1287 1840 1340 dominandi
1887 1287 1980 1339 tri·
2005 1308 2066 1342 111Δ

206 1362 269 1414 11
291 1362 421 1414 buat
459 1365 796 1432 potestatem,
835 1362 1147 1432 praesertim
1187 1363 1232 1414 si
1262 1361 1407 1414 Mars
1447 1363 1503 1414 in
1533 1363 1730 1414 finibus
1764 1360 1978 1413 Saturni

290 1437 452 1489 fuerit
497 1436 760 1500 inventUS‚
812 1440 865 1489 et
910 1436 1061 1488 Luna
1108 1439 1200 1488 aut
1245 1436 1301 1488 in
1347 1436 1545 1488 finibus
1591 1436 1841 1488 Mercurii
1888 1439 1980 1487 aut

289 1511 344 1562 in
396 1511 597 1563 finibus
651 1510 862 1581 Martis3
940 1511 1245 1578 frequenter
1299 1510 1439 1562 enim
1493 1528 1557 1562 ex
1611 1510 1979 1562 benivolarum

290 1587 561 1637 stellarum
615 1585 812 1637 finibus
866 1584 1230 1653 praecedentis
1284 1584 1519 1636 malitiae
1573 1584 1853 1654 mitigatur
1902 1583 1977 1635 in-

289 1659 544 1728 probitas
623 1658 728 1711 Sed
774 1677 895 1711 cum
938 1659 1034 1711 tali
1073 1659 1274 1711 fuerint
1312 1657 1728 1711 infortuniorum
1770 1658 1979 1710 calami
2003 1678 2066 1710 soa

290 1736 399 1786 tate
427 1734 685 1817 possessi,
723 1735 953 1786 vitantes
991 1733 1123 1786 haec
1161 1733 1529 1786 incursionum
1570 1732 1875 1785 discrimina
1914 1732 1980 1783 ad

289 1807 526 1859 numinis
582 1808 806 1860 alicuius
861 1807 1179 1877 confugiunt
1234 1807 1464 1859 salutare
1518 1806 1867 1875 praesidium,
1919 1809 1981 1858 ut

206 1881 273 1933 12
292 1883 368 1934 sic
406 1882 561 1934 istius
598 1881 824 1950 periculi
864 1882 1166 1934 discrimine
1204 1881 1510 1933 liberentur.
1582 1880 1640 1932 Si
1671 1899 1797 1933 vero
1829 1879 1980 1932 Luna

292 1956 535 2024 superior
581 1956 768 2008 effecta
822 1959 875 2007 et
929 1956 1175 2008 dextrum
1229 1955 1506 2023 possidens
1559 1954 1699 2007 latus
1752 1954 1979 2008 Martem

412 2121 465 2160 10
500 2119 601 2171 175,
628 2121 687 2160 30
718 2114 881 2188 χηρείᾳ
919 2115 1005 2172 τὴν
1046 2114 1218 2190 μητέρα
1248 2115 1510 2174 περιβάλλει
1545 2150 1582 2160 ..
1602 2150 1611 2159 .
1649 2113 1730 2159 καί
1759 2132 1898 2159 τινων
1930 2114 1978 2158 αἱ

292 2174 477 2231 μητέρες
510 2172 557 2229 ἐξ
589 2174 784 2231 αιματος
813 2173 842 2230 ἢ
874 2174 1233 2225 κακοθανασίας
1265 2174 1692 2246 ἀναιροῦνται.οἱ
1729 2173 1779 2219 δὲ
1812 2172 1979 2230 μανίας

291 2241 535 2285 νοσοῦντες
574 2235 650 2279 ἐπὶ
689 2235 833 2284 ναοὺς
863 2234 1223 2291 καταφεύγουσι,
1264 2236 1343 2278 καὶ
1377 2236 1547 2290 μᾶλλον
1582 2231 1693 2278 ὅταν
1725 2232 1749 2278 ὁ
1773 2231 1899 2290 Αρης
1929 2234 1980 2278 ἐν

292 2293 437 2349 ὁρίοις
467 2292 653 2350 Κρόνου
693 2292 830 2348 ἐστίν,
869 2293 897 2350 ἡ
940 2292 990 2337 δὲ
1030 2294 1211 2350 Σελήνη
1253 2293 1302 2338 ἑν
1343 2291 1489 2347 ὁρίοις
1519 2291 1681 2347 ’Ἀρεως
1719 2291 1747 2348 ἢ
1783 2291 1976 2349 Ερμοῦ·

291 2352 510 2403 πολλάκις
540 2353 627 2410 γὰρ
661 2352 689 2408 ἡ
722 2353 921 2409 δύναμις
951 2361 1044 2397 τῶν
1076 2351 1215 2408 ὁρίων
1247 2350 1275 2408 ἢ
1308 2352 1537 2397 ἐπέτεινεν
1571 2351 1598 2408 ἢ
1633 2353 1817 2409 ἀνῆκεν.

412 2505 434 2543 1
468 2501 551 2543 del.
578 2516 604 2542 a
614 2518 630 2554 ;
661 2502 795 2544 immo
829 2501 961 2545 aliud
986 2502 1290 2557 participium
1323 2501 1498 2545 interiit
1528 2501 1648 2544 velut
1680 2498 1806 2555 capti
1839 2502 1864 2550 ζ

293 2564 316 2601 2
349 2559 612 2602 utilitatum
644 2563 722 2601 BG
739 2562 844 2604 Pat.
940 2564 964 2601 3
999 2573 1135 2604 omne
1160 2585 1215 2591 --
1242 2559 1505 2602 substantia
1541 2561 1614 2616 ΓΙ
1642 2557 1977 2614 patrimonium

291 2632 402 2662 corr.
429 2622 453 2670 ζ
483 2618 771 2674 (patrimonii
804 2619 874 2662 sui
907 2621 949 2674 a)
1073 2623 1099 2661 4
1132 2619 1280 2662 nudat
1311 2618 1360 2661 in
1391 2632 1504 2662 corr.
1532 2620 1555 2670 ζ
1669 2623 1719 2660 11
1753 2617 1868 2660 haec
1901 2629 1975 2659 ea-

293 2678 397 2720 dem
429 2692 541 2722 corr.
568 2693 595 2720 a
705 2683 755 2720 12
790 2677 1037 2721 atrocitate
1069 2680 1108 2720 Δ
1139 2680 1145 2733 Ι
1172 2677 1337 2734 perimi
1374 2680 1419 2721 Γ
1522 2681 1575 2720 14
1608 2676 1791 2720 casibus
1825 2678 1873 2719 et
1902 2675 1971 2718 in-

292 2736 580 2780 cursionibus
613 2739 651 2780 Δ
747 2742 800 2780 15
833 2736 1000 2780 tribuit
1032 2751 1148 2780 corr:
1171 2752 1197 2779 a
1306 2741 1358 2779 18
1392 2736 1516 2780 enim
1548 2750 1631 2780 om.
1658 2739 1695 2777 A
1727 2738 1886 2778 tamen
1917 2750 1976 2788 ας

291 2797 347 2850 cf.
378 2797 522 2840 Catal.
555 2795 773 2846 πολλάκις
805 2796 905 2853 γὰρ
938 2798 1029 2839 κτλ.
1077 2797 1174 2839 Aut
1211 2797 1355 2852 igitar
1393 2796 1656 2840 dormitavit
1690 2794 1748 2838 F.
1781 2800 1865 2838 aut
1902 2808 1974 2837 ea:-

290 2855 404 2898 cidit
441 2856 585 2899 altera
621 2860 731 2910 pa'rs
769 2856 1014 2899 sententiae
1045 2856 1163 2898 velut
1195 2856 1277 2897 aut
1309 2868 1361 2897 ex
1393 2854 1716 2898 malivolarum
1756 2853 1785 2896 f.
1820 2854 1975 2896 exten-

293 2913 429 2956 ditur.
