<?xml version="1.0" encoding="UTF-8"?>
<!DOCTYPE html PUBLIC "-//W3C//DTD XHTML 1.0 Transitional//EN"
    "http://www.w3.org/TR/xhtml1/DTD/xhtml1-transitional.dtd">
<html xmlns="http://www.w3.org/1999/xhtml" xml:lang="en" lang="en">
 <head>
  <title>
</title>
<meta http-equiv="Content-Type" content="text/html;charset=utf-8" />
  <meta name='ocr-system' content='tesseract 3.04.00' />
  <meta name='ocr-capabilities' content='ocr_page ocr_carea ocr_par ocr_line ocrx_word'/>
</head>
<body>
  <div class='ocr_page' id='page_1' title='image "./matheseoslibrivi02firmuoft_0031.png"; bbox 0 0 2038 3162; ppageno 0'>
   <div class='ocr_carea' id='block_1_1' title="bbox 766 148 1792 194">
    <p class='ocr_par' dir='ltr' id='par_1_1' title="bbox 766 148 1792 194">
     <span class='ocr_line' id='line_1_1' title="bbox 766 148 1792 194; baseline 0.002 -2"><span class='ocrx_word' id='word_1_1' title='bbox 766 148 1125 194; x_wconf 83' lang='lat' dir='ltr'>PRAEFATIO.</span> <span class='ocrx_word' id='word_1_2' title='bbox 1624 149 1792 194; x_wconf 88' lang='lat' dir='ltr'>XXVII</span> 
     </span>
    </p>
   </div>
   <div class='ocr_carea' id='block_1_2' title="bbox 93 290 1792 650">
    <p class='ocr_par' dir='ltr' id='par_1_2' title="bbox 93 290 1792 650">
     <span class='ocr_line' id='line_1_2' title="bbox 171 290 1792 352; baseline 0.001 -13"><span class='ocrx_word' id='word_1_3' title='bbox 171 291 335 339; x_wconf 86' lang='lat' dir='ltr'><strong>Pauca</strong></span> <span class='ocrx_word' id='word_1_4' title='bbox 382 292 664 352; x_wconf 87' lang='lat' dir='ltr'><strong>excerpta</strong></span> <span class='ocrx_word' id='word_1_5' title='bbox 710 306 775 338; x_wconf 89' lang='lat' dir='ltr'><strong>ex</strong></span> <span class='ocrx_word' id='word_1_6' title='bbox 822 290 1068 339; x_wconf 89' lang='lat' dir='ltr'><strong>Firmici</strong></span> <span class='ocrx_word' id='word_1_7' title='bbox 1114 290 1292 339; x_wconf 89' lang='lat' dir='ltr'><strong>libris</strong></span> <span class='ocrx_word' id='word_1_8' title='bbox 1332 290 1587 338; x_wconf 74' lang='lat' dir='ltr'><strong>continent</strong></span> <span class='ocrx_word' id='word_1_9' title='bbox 1623 291 1676 339; x_wconf 91' lang='lat' dir='ltr'><strong>hi</strong></span> <span class='ocrx_word' id='word_1_10' title='bbox 1715 307 1792 340; x_wconf 90' lang='lat' dir='ltr'><strong>co-</strong></span> 
     </span>
     <span class='ocr_line' id='line_1_3' title="bbox 96 365 1792 502; baseline -0.001 -14"><span class='ocrx_word' id='word_1_11' title='bbox 96 365 250 488; x_wconf 55' lang='lat' dir='ltr'>dmgI:</span> <span class='ocrx_word' id='word_1_12' title='bbox 277 441 635 487; x_wconf 77' lang='lat' dir='ltr'><strong>Monacensis</strong></span> <span class='ocrx_word' id='word_1_13' title='bbox 662 439 768 488; x_wconf 87' lang='lat'><strong>500</strong></span> <span class='ocrx_word' id='word_1_14' title='bbox 785 438 1028 502; x_wconf 89' lang='lat' dir='ltr'><strong>praefixas</strong></span> <span class='ocrx_word' id='word_1_15' title='bbox 1051 439 1204 487; x_wconf 88' lang='lat' dir='ltr'><strong>habet</strong></span> <span class='ocrx_word' id='word_1_16' title='bbox 1229 438 1423 501; x_wconf 83' lang='lat' dir='ltr'><strong>aliquot</strong></span> <span class='ocrx_word' id='word_1_17' title='bbox 1443 438 1715 502; x_wconf 84' lang='lat' dir='ltr'>schedulas,</span> <span class='ocrx_word' id='word_1_18' title='bbox 1739 440 1792 487; x_wconf 92' lang='lat' dir='ltr'><strong>in</strong></span> 
     </span>
     <span class='ocr_line' id='line_1_4' title="bbox 94 512 1790 577; baseline 0 -16"><span class='ocrx_word' id='word_1_19' title='bbox 94 513 274 576; x_wconf 89' lang='lat' dir='ltr'><strong>quibus</strong></span> <span class='ocrx_word' id='word_1_20' title='bbox 315 514 545 574; x_wconf 89' lang='lat' dir='ltr'><strong>excerpta</strong></span> <span class='ocrx_word' id='word_1_21' title='bbox 585 529 643 560; x_wconf 92' lang='lat' dir='ltr'><strong>ex</strong></span> <span class='ocrx_word' id='word_1_22' title='bbox 681 513 822 562; x_wconf 91' lang='lat' dir='ltr'><strong>libris</strong></span> <span class='ocrx_word' id='word_1_23' title='bbox 859 513 923 562; x_wconf 90' lang='lat' dir='ltr'><strong>H.</strong></span> <span class='ocrx_word' id='word_1_24' title='bbox 955 513 1046 562; x_wconf 92' lang='lat' dir='ltr'>III.</span> <span class='ocrx_word' id='word_1_25' title='bbox 1079 513 1166 561; x_wconf 93' lang='lat' dir='ltr'><strong>IV.</strong></span> <span class='ocrx_word' id='word_1_26' title='bbox 1199 513 1258 560; x_wconf 93' lang='lat' dir='ltr'><strong>V.</strong></span> <span class='ocrx_word' id='word_1_27' title='bbox 1292 512 1430 561; x_wconf 88' lang='lat' dir='ltr'>VIII.</span> <span class='ocrx_word' id='word_1_28' title='bbox 1461 513 1698 577; x_wconf 88' lang='lat' dir='ltr'><strong>leguntur</strong></span> <span class='ocrx_word' id='word_1_29' title='bbox 1729 514 1790 561; x_wconf 91' lang='lat' dir='ltr'><strong>ab</strong></span> 
     </span>
     <span class='ocr_line' id='line_1_5' title="bbox 93 586 1789 650; baseline 0.001 -15"><span class='ocrx_word' id='word_1_30' title='bbox 93 587 404 636; x_wconf 89' lang='lat' dir='ltr'><strong>Hartmanno</strong></span> <span class='ocrx_word' id='word_1_31' title='bbox 431 586 635 635; x_wconf 84' lang='lat' dir='ltr'><strong>Schedel</strong></span> <span class='ocrx_word' id='word_1_32' title='bbox 659 589 857 650; x_wconf 89' lang='lat' dir='ltr'><strong>scripta.</strong></span> <span class='ocrx_word' id='word_1_33' title='bbox 910 586 981 636; x_wconf 83' lang='lat' dir='ltr'><strong>Cf.</strong></span> <span class='ocrx_word' id='word_1_34' title='bbox 1009 587 1128 636; x_wconf 84' lang='lat' dir='ltr'><strong>Sittl</strong></span> <span class='ocrx_word' id='word_1_35' title='bbox 1159 604 1207 649; x_wconf 92' lang='lat' dir='ltr'><strong>p.</strong></span> <span class='ocrx_word' id='word_1_36' title='bbox 1229 587 1374 649; x_wconf 84' lang='lat' dir='ltr'>XIII3</span> <span class='ocrx_word' id='word_1_37' title='bbox 1406 603 1558 650; x_wconf 87' lang='lat' dir='ltr'><strong>supra</strong></span> <span class='ocrx_word' id='word_1_38' title='bbox 1582 604 1628 650; x_wconf 90' lang='lat' dir='ltr'><strong>p.</strong></span> <span class='ocrx_word' id='word_1_39' title='bbox 1653 588 1789 637; x_wconf 92' lang='lat' dir='ltr'>XIII.</span> 
     </span>
    </p>
   </div>
   <div class='ocr_carea' id='block_1_3' title="bbox 92 669 1792 880">
    <p class='ocr_par' dir='ltr' id='par_1_3' title="bbox 92 669 1792 880">
     <span class='ocr_line' id='line_1_6' title="bbox 168 669 1792 731; baseline -0.001 -13"><span class='ocrx_word' id='word_1_40' title='bbox 168 674 252 718; x_wconf 84' lang='lat'><strong>32.</strong></span> <span class='ocrx_word' id='word_1_41' title='bbox 291 672 652 717; x_wconf 79' lang='lat' dir='ltr'><strong>Monacensis</strong></span> <span class='ocrx_word' id='word_1_42' title='bbox 687 670 791 717; x_wconf 88' lang='lat'><strong>954</strong></span> <span class='ocrx_word' id='word_1_43' title='bbox 825 669 947 718; x_wconf 88' lang='lat' dir='ltr'><strong>folia</strong></span> <span class='ocrx_word' id='word_1_44' title='bbox 974 670 1190 717; x_wconf 80' lang='grc'><strong>26-28</strong></span> <span class='ocrx_word' id='word_1_45' title='bbox 1225 670 1454 731; x_wconf 89' lang='lat' dir='ltr'><strong>excerpta</strong></span> <span class='ocrx_word' id='word_1_46' title='bbox 1479 669 1711 718; x_wconf 75' lang='lat' dir='ltr'><strong>exhibent</strong></span> <span class='ocrx_word' id='word_1_47' title='bbox 1735 686 1792 717; x_wconf 91' lang='lat' dir='ltr'><strong>ex</strong></span> 
     </span>
     <span class='ocr_line' id='line_1_7' title="bbox 92 742 1791 805; baseline 0.001 -14"><span class='ocrx_word' id='word_1_48' title='bbox 92 742 231 791; x_wconf 91' lang='lat' dir='ltr'><strong>libris</strong></span> <span class='ocrx_word' id='word_1_49' title='bbox 262 743 346 791; x_wconf 91' lang='lat' dir='ltr'><strong>IV.</strong></span> <span class='ocrx_word' id='word_1_50' title='bbox 380 743 440 790; x_wconf 91' lang='lat' dir='ltr'><strong>V.</strong></span> <span class='ocrx_word' id='word_1_51' title='bbox 465 742 601 792; x_wconf 87' lang='lat' dir='ltr'>VIII.</span> <span class='ocrx_word' id='word_1_52' title='bbox 637 743 698 790; x_wconf 92' lang='lat' dir='ltr'><strong>ab</strong></span> <span class='ocrx_word' id='word_1_53' title='bbox 731 743 1036 805; x_wconf 87' lang='lat' dir='ltr'><strong>Hieronymo</strong></span> <span class='ocrx_word' id='word_1_54' title='bbox 1068 743 1294 792; x_wconf 88' lang='lat' dir='ltr'><strong>Vallensi</strong></span> <span class='ocrx_word' id='word_1_55' title='bbox 1325 744 1529 792; x_wconf 84' lang='lat' dir='ltr'><strong>exarata</strong></span> <span class='ocrx_word' id='word_1_56' title='bbox 1561 747 1610 792; x_wconf 92' lang='lat' dir='ltr'><strong>et</strong></span> <span class='ocrx_word' id='word_1_57' title='bbox 1640 744 1791 792; x_wconf 89' lang='lat' dir='ltr'><strong>Hart-</strong></span> 
     </span>
     <span class='ocr_line' id='line_1_8' title="bbox 93 816 1240 880; baseline -0.002 -14"><span class='ocrx_word' id='word_1_58' title='bbox 93 833 274 866; x_wconf 88' lang='lat' dir='ltr'><strong>manno</strong></span> <span class='ocrx_word' id='word_1_59' title='bbox 309 816 516 866; x_wconf 88' lang='lat' dir='ltr'><strong>Schedel</strong></span> <span class='ocrx_word' id='word_1_60' title='bbox 548 817 754 879; x_wconf 71' lang='lat' dir='ltr'><strong>donata,</strong></span> <span class='ocrx_word' id='word_1_61' title='bbox 787 818 846 866; x_wconf 89' lang='lat' dir='ltr'><strong>cf.</strong></span> <span class='ocrx_word' id='word_1_62' title='bbox 882 817 1001 866; x_wconf 84' lang='lat' dir='ltr'><strong>Sittl</strong></span> <span class='ocrx_word' id='word_1_63' title='bbox 1032 835 1078 880; x_wconf 87' lang='lat' dir='ltr'><strong>p.</strong></span> <span class='ocrx_word' id='word_1_64' title='bbox 1104 817 1240 865; x_wconf 92' lang='lat' dir='ltr'>XIII.</span> 
     </span>
    </p>
   </div>
   <div class='ocr_carea' id='block_1_4' title="bbox 91 898 1792 1109">
    <p class='ocr_par' dir='ltr' id='par_1_4' title="bbox 91 898 1792 1109">
     <span class='ocr_line' id='line_1_9' title="bbox 167 898 1792 960; baseline 0 -12"><span class='ocrx_word' id='word_1_65' title='bbox 167 904 251 949; x_wconf 85' lang='lat'><strong>33.</strong></span> <span class='ocrx_word' id='word_1_66' title='bbox 299 903 600 948; x_wconf 83' lang='lat' dir='ltr'><strong>Bemensis</strong></span> <span class='ocrx_word' id='word_1_67' title='bbox 643 901 746 948; x_wconf 89' lang='lat'><strong>189</strong></span> <span class='ocrx_word' id='word_1_68' title='bbox 790 899 943 948; x_wconf 89' lang='lat' dir='ltr'><strong>chart.</strong></span> <span class='ocrx_word' id='word_1_69' title='bbox 982 899 1066 948; x_wconf 88' lang='lat' dir='ltr'><strong>fol.</strong></span> <span class='ocrx_word' id='word_1_70' title='bbox 1100 915 1224 948; x_wconf 86' lang='lat' dir='ltr'><strong>saec.</strong></span> <span class='ocrx_word' id='word_1_71' title='bbox 1258 898 1390 948; x_wconf 92' lang='lat' dir='ltr'>XVI.</span> <span class='ocrx_word' id='word_1_72' title='bbox 1429 899 1792 960; x_wconf 82' lang='lat' dir='ltr'><strong>miscellaneuS,</strong></span> 
     </span>
     <span class='ocr_line' id='line_1_10' title="bbox 92 973 1791 1037; baseline 0.001 -17"><span class='ocrx_word' id='word_1_73' title='bbox 92 990 163 1021; x_wconf 91' lang='lat' dir='ltr'><strong>nr.</strong></span> <span class='ocrx_word' id='word_1_74' title='bbox 192 975 283 1035; x_wconf 84' lang='lat'><strong>29,</strong></span> <span class='ocrx_word' id='word_1_75' title='bbox 330 973 382 1021; x_wconf 94' lang='lat' dir='ltr'><strong>in</strong></span> <span class='ocrx_word' id='word_1_76' title='bbox 423 976 452 1022; x_wconf 85' lang='lat'>2</span> <span class='ocrx_word' id='word_1_77' title='bbox 494 973 631 1021; x_wconf 91' lang='lat' dir='ltr'><strong>foliis</strong></span> <span class='ocrx_word' id='word_1_78' title='bbox 671 973 869 1022; x_wconf 78' lang='lat' dir='ltr'><strong>exhibet</strong></span> <span class='ocrx_word' id='word_1_79' title='bbox 911 975 1220 1022; x_wconf 90' lang='lat' dir='ltr'><strong>coniecturas</strong></span> <span class='ocrx_word' id='word_1_80' title='bbox 1262 973 1526 1035; x_wconf 88' lang='lat' dir='ltr'><strong>Brissonii,</strong></span> <span class='ocrx_word' id='word_1_81' title='bbox 1564 973 1791 1037; x_wconf 90' lang='lat' dir='ltr'><strong>Puteani,</strong></span> 
     </span>
     <span class='ocr_line' id='line_1_11' title="bbox 91 1047 1385 1109; baseline -0.001 -13"><span class='ocrx_word' id='word_1_82' title='bbox 91 1047 288 1096; x_wconf 88' lang='lat' dir='ltr'><strong>Nicolai</strong></span> <span class='ocrx_word' id='word_1_83' title='bbox 320 1047 479 1109; x_wconf 81' lang='lat' dir='ltr'><strong>Fabii,</strong></span> <span class='ocrx_word' id='word_1_84' title='bbox 510 1047 737 1096; x_wconf 88' lang='lat' dir='ltr'><strong>Delbenii</strong></span> <span class='ocrx_word' id='word_1_85' title='bbox 774 1049 984 1097; x_wconf 85' lang='lat' dir='ltr'><strong>aliorum</strong></span> <span class='ocrx_word' id='word_1_86' title='bbox 1016 1050 1069 1096; x_wconf 89' lang='lat' dir='ltr'><strong>in</strong></span> <span class='ocrx_word' id='word_1_87' title='bbox 1100 1048 1385 1096; x_wconf 83' lang='lat' dir='ltr'><strong>Firmicum.</strong></span> 
     </span>
    </p>
   </div>
   <div class='ocr_carea' id='block_1_5' title="bbox 95 1129 1791 1267">
    <p class='ocr_par' dir='ltr' id='par_1_5' title="bbox 95 1129 1791 1267">
     <span class='ocr_line' id='line_1_12' title="bbox 166 1129 1790 1190; baseline 0 -12"><span class='ocrx_word' id='word_1_88' title='bbox 166 1134 254 1179; x_wconf 87' lang='lat'><strong>34.</strong></span> <span class='ocrx_word' id='word_1_89' title='bbox 277 1133 694 1190; x_wconf 85' lang='lat' dir='ltr'><strong>Amplonianus</strong></span> <span class='ocrx_word' id='word_1_90' title='bbox 712 1129 884 1187; x_wconf 83' lang='lat' dir='ltr'><strong>Quart.</strong></span> <span class='ocrx_word' id='word_1_91' title='bbox 898 1131 1003 1178; x_wconf 86' lang='lat'><strong>354</strong></span> <span class='ocrx_word' id='word_1_92' title='bbox 1021 1129 1222 1178; x_wconf 90' lang='lat' dir='ltr'><strong>membr.</strong></span> <span class='ocrx_word' id='word_1_93' title='bbox 1240 1144 1363 1178; x_wconf 83' lang='lat' dir='ltr'><strong>saec.</strong></span> <span class='ocrx_word' id='word_1_94' title='bbox 1376 1129 1508 1177; x_wconf 89' lang='lat' dir='ltr'>XIV.</span> <span class='ocrx_word' id='word_1_95' title='bbox 1526 1130 1558 1178; x_wconf 89' lang='lat' dir='ltr'><strong>f.</strong></span> <span class='ocrx_word' id='word_1_96' title='bbox 1573 1130 1790 1178; x_wconf 88' lang='grc'>59-60</span> 
     </span>
     <span class='ocr_line' id='line_1_13' title="bbox 95 1203 1791 1267; baseline -0.001 -15"><span class='ocrx_word' id='word_1_97' title='bbox 95 1206 294 1266; x_wconf 88' lang='lat' dir='ltr'><strong>praeter</strong></span> <span class='ocrx_word' id='word_1_98' title='bbox 325 1204 426 1252; x_wconf 88' lang='lat' dir='ltr'><strong>alia</strong></span> <span class='ocrx_word' id='word_1_99' title='bbox 458 1206 790 1253; x_wconf 83' lang='lat' dir='ltr'><strong>astronomica</strong></span> <span class='ocrx_word' id='word_1_100' title='bbox 821 1220 982 1266; x_wconf 89' lang='lat' dir='ltr'><strong>pauca</strong></span> <span class='ocrx_word' id='word_1_101' title='bbox 1015 1206 1245 1267; x_wconf 88' lang='lat' dir='ltr'><strong>excerpta</strong></span> <span class='ocrx_word' id='word_1_102' title='bbox 1274 1203 1472 1252; x_wconf 83' lang='lat' dir='ltr'><strong>exhibet</strong></span> <span class='ocrx_word' id='word_1_103' title='bbox 1496 1220 1554 1251; x_wconf 89' lang='lat' dir='ltr'><strong>ex</strong></span> <span class='ocrx_word' id='word_1_104' title='bbox 1578 1203 1791 1252; x_wconf 85' lang='lat' dir='ltr'><strong>Firmico</strong></span> 
     </span>
    </p>
   </div>
   <div class='ocr_carea' id='block_1_6' title="bbox 91 1272 644 1345">
    <p class='ocr_par' dir='ltr' id='par_1_6' title="bbox 91 1272 644 1345">
     <span class='ocr_line' id='line_1_14' title="bbox 91 1272 644 1345; baseline 0.002 -19"><span class='ocrx_word' id='word_1_105' title='bbox 91 1278 151 1326; x_wconf 89' lang='lat' dir='ltr'><strong>de</strong></span> <span class='ocrx_word' id='word_1_106' title='bbox 184 1278 381 1327; x_wconf 90' lang='lat' dir='ltr'><strong>decanis</strong></span> <span class='ocrx_word' id='word_1_107' title='bbox 413 1272 510 1345; x_wconf 90' lang='lat' dir='ltr'><strong>(IV</strong></span> <span class='ocrx_word' id='word_1_108' title='bbox 537 1272 644 1345; x_wconf 85' lang='lat'><strong>22).</strong></span> 
     </span>
    </p>
   </div>
   <div class='ocr_carea' id='block_1_7' title="bbox 91 1367 1791 1565">
    <p class='ocr_par' dir='ltr' id='par_1_7' title="bbox 91 1367 1791 1565">
     <span class='ocr_line' id='line_1_15' title="bbox 166 1367 1791 1430; baseline -0.001 -15"><span class='ocrx_word' id='word_1_109' title='bbox 166 1367 487 1415; x_wconf 90' lang='lat' dir='ltr'><strong>Perierunt</strong></span> <span class='ocrx_word' id='word_1_110' title='bbox 526 1367 589 1416; x_wconf 90' lang='lat' dir='ltr'><strong>hi</strong></span> <span class='ocrx_word' id='word_1_111' title='bbox 628 1368 887 1430; x_wconf 88' lang='lat' dir='ltr'><strong>codices,</strong></span> <span class='ocrx_word' id='word_1_112' title='bbox 929 1367 1026 1416; x_wconf 92' lang='lat' dir='ltr'><strong>nisi</strong></span> <span class='ocrx_word' id='word_1_113' title='bbox 1066 1369 1195 1416; x_wconf 88' lang='lat' dir='ltr'><strong>forte</strong></span> <span class='ocrx_word' id='word_1_114' title='bbox 1234 1383 1360 1416; x_wconf 89' lang='lat' dir='ltr'><strong>unus</strong></span> <span class='ocrx_word' id='word_1_115' title='bbox 1401 1368 1588 1416; x_wconf 86' lang='lat' dir='ltr'><strong>alterve</strong></span> <span class='ocrx_word' id='word_1_116' title='bbox 1621 1383 1791 1416; x_wconf 87' lang='lat' dir='ltr'><strong>eorum</strong></span> 
     </span>
     <span class='ocr_line' id='line_1_16' title="bbox 91 1441 1789 1506; baseline 0.001 -17"><span class='ocrx_word' id='word_1_117' title='bbox 91 1443 286 1490; x_wconf 87' lang='lat' dir='ltr'><strong>mutata</strong></span> <span class='ocrx_word' id='word_1_118' title='bbox 317 1441 430 1490; x_wconf 87' lang='lat' dir='ltr'><strong>sede</strong></span> <span class='ocrx_word' id='word_1_119' title='bbox 462 1444 687 1492; x_wconf 85' lang='lat' dir='ltr'><strong>servatus</strong></span> <span class='ocrx_word' id='word_1_120' title='bbox 720 1445 771 1490; x_wconf 89' lang='lat' dir='ltr'><strong>et</strong></span> <span class='ocrx_word' id='word_1_121' title='bbox 803 1458 832 1490; x_wconf 88' lang='lat' dir='ltr'><strong>a</strong></span> <span class='ocrx_word' id='word_1_122' title='bbox 863 1442 1005 1491; x_wconf 91' lang='lat' dir='ltr'><strong>nobis</strong></span> <span class='ocrx_word' id='word_1_123' title='bbox 1038 1442 1368 1491; x_wconf 85' lang='lat' dir='ltr'><strong>nescientibus</strong></span> <span class='ocrx_word' id='word_1_124' title='bbox 1401 1457 1550 1506; x_wconf 88' lang='lat' dir='ltr'><strong>supra</strong></span> <span class='ocrx_word' id='word_1_125' title='bbox 1582 1458 1789 1490; x_wconf 90' lang='lat' dir='ltr'><strong>comme-</strong></span> 
     </span>
     <span class='ocr_line' id='line_1_17' title="bbox 91 1518 431 1565; baseline 0 -2"><span class='ocrx_word' id='word_1_126' title='bbox 91 1518 311 1565; x_wconf 89' lang='lat' dir='ltr'><strong>moratus</strong></span> <span class='ocrx_word' id='word_1_127' title='bbox 344 1518 431 1564; x_wconf 88' lang='lat' dir='ltr'><strong>est.</strong></span> 
     </span>
    </p>
   </div>
   <div class='ocr_carea' id='block_1_8' title="bbox 166 1597 1473 1660">
    <p class='ocr_par' dir='ltr' id='par_1_8' title="bbox 166 1597 1473 1660">
     <span class='ocr_line' id='line_1_18' title="bbox 166 1597 1473 1660; baseline -0.001 -14"><span class='ocrx_word' id='word_1_128' title='bbox 166 1602 250 1647; x_wconf 84' lang='lat'><strong>35.</strong></span> <span class='ocrx_word' id='word_1_129' title='bbox 289 1601 602 1646; x_wconf 83' lang='lat' dir='ltr'><strong>Brixiensis</strong></span> <span class='ocrx_word' id='word_1_130' title='bbox 633 1598 813 1647; x_wconf 88' lang='lat' dir='ltr'><strong>medici</strong></span> <span class='ocrx_word' id='word_1_131' title='bbox 842 1598 1118 1660; x_wconf 86' lang='lat' dir='ltr'><strong>Baptistae,</strong></span> <span class='ocrx_word' id='word_1_132' title='bbox 1150 1598 1210 1646; x_wconf 84' lang='lat' dir='ltr'><strong>cf.</strong></span> <span class='ocrx_word' id='word_1_133' title='bbox 1243 1615 1290 1660; x_wconf 91' lang='lat' dir='ltr'><strong>p.</strong></span> <span class='ocrx_word' id='word_1_134' title='bbox 1316 1597 1473 1646; x_wconf 83' lang='lat' dir='ltr'>XVII.</span> 
     </span>
    </p>
   </div>
   <div class='ocr_carea' id='block_1_9' title="bbox 77 1679 1790 1891">
    <p class='ocr_par' dir='ltr' id='par_1_9' title="bbox 77 1679 1790 1891">
     <span class='ocr_line' id='line_1_19' title="bbox 77 1679 1790 1751; baseline 0.001 -24"><span class='ocrx_word' id='word_1_135' title='bbox 77 1746 82 1751; x_wconf 87' lang='lat'>.</span> <span class='ocrx_word' id='word_1_136' title='bbox 165 1684 250 1727; x_wconf 86' lang='lat'><strong>36.</strong></span> <span class='ocrx_word' id='word_1_137' title='bbox 290 1682 602 1728; x_wconf 85' lang='lat' dir='ltr'><strong>Brixiensis</strong></span> <span class='ocrx_word' id='word_1_138' title='bbox 632 1679 788 1727; x_wconf 90' lang='lat' dir='ltr'><strong>Marci</strong></span> <span class='ocrx_word' id='word_1_139' title='bbox 819 1679 1027 1728; x_wconf 88' lang='lat' dir='ltr'><strong>Antonii</strong></span> <span class='ocrx_word' id='word_1_140' title='bbox 1066 1680 1126 1728; x_wconf 91' lang='lat' dir='ltr'><strong>de</strong></span> <span class='ocrx_word' id='word_1_141' title='bbox 1157 1679 1416 1741; x_wconf 87' lang='lat' dir='ltr'><strong>Auroldis,</strong></span> <span class='ocrx_word' id='word_1_142' title='bbox 1455 1680 1542 1742; x_wconf 92' lang='lat' dir='ltr'><strong>qui</strong></span> <span class='ocrx_word' id='word_1_143' title='bbox 1580 1681 1790 1728; x_wconf 85' lang='lat' dir='ltr'><strong>fortasse</strong></span> 
     </span>
     <span class='ocr_line' id='line_1_20' title="bbox 91 1753 1789 1816; baseline 0.001 -16"><span class='ocrx_word' id='word_1_144' title='bbox 91 1753 219 1802; x_wconf 89' lang='lat' dir='ltr'><strong>idem</strong></span> <span class='ocrx_word' id='word_1_145' title='bbox 253 1756 327 1801; x_wconf 91' lang='lat' dir='ltr'><strong>est</strong></span> <span class='ocrx_word' id='word_1_146' title='bbox 359 1769 415 1802; x_wconf 89' lang='lat' dir='ltr'><strong>ac</strong></span> <span class='ocrx_word' id='word_1_147' title='bbox 447 1771 518 1801; x_wconf 88' lang='lat' dir='ltr'><strong>nr.</strong></span> <span class='ocrx_word' id='word_1_148' title='bbox 547 1755 638 1815; x_wconf 79' lang='lat'><strong>353</strong></span> <span class='ocrx_word' id='word_1_149' title='bbox 680 1754 740 1802; x_wconf 91' lang='lat' dir='ltr'><strong>cf.</strong></span> <span class='ocrx_word' id='word_1_150' title='bbox 766 1771 811 1816; x_wconf 91' lang='lat' dir='ltr'><strong>p.</strong></span> <span class='ocrx_word' id='word_1_151' title='bbox 837 1754 994 1801; x_wconf 91' lang='lat' dir='ltr'>XVII.</span> <span class='ocrx_word' id='word_1_152' title='bbox 1060 1753 1442 1803; x_wconf 89' lang='lat' dir='ltr'><strong>Consulentibus</strong></span> <span class='ocrx_word' id='word_1_153' title='bbox 1475 1753 1617 1803; x_wconf 91' lang='lat' dir='ltr'><strong>nobis</strong></span> <span class='ocrx_word' id='word_1_154' title='bbox 1648 1764 1789 1816; x_wconf 77' lang='lat' dir='ltr'><strong>prae-</strong></span> 
     </span>
     <span class='ocr_line' id='line_1_21' title="bbox 91 1827 1789 1891; baseline 0.001 -17"><span class='ocrx_word' id='word_1_155' title='bbox 91 1828 248 1876; x_wconf 88' lang='lat' dir='ltr'><strong>fectus</strong></span> <span class='ocrx_word' id='word_1_156' title='bbox 272 1827 602 1876; x_wconf 87' lang='lat' dir='ltr'><strong>bibliothecae</strong></span> <span class='ocrx_word' id='word_1_157' title='bbox 627 1827 958 1884; x_wconf 84' lang='lat' dir='ltr'><strong>Querinianae</strong></span> <span class='ocrx_word' id='word_1_158' title='bbox 983 1828 1255 1877; x_wconf 89' lang='lat' dir='ltr'><strong>Brixiensis</strong></span> <span class='ocrx_word' id='word_1_159' title='bbox 1279 1828 1541 1891; x_wconf 90' lang='lat' dir='ltr'><strong>Philippus</strong></span> <span class='ocrx_word' id='word_1_160' title='bbox 1568 1827 1789 1876; x_wconf 87' lang='lat' dir='ltr'><strong>Garbelli</strong></span> 
     </span>
    </p>
   </div>
   <div class='ocr_carea' id='block_1_10' title="bbox 90 1902 1884 1965">
    <p class='ocr_par' dir='ltr' id='par_1_10' title="bbox 90 1902 1884 1965">
     <span class='ocr_line' id='line_1_22' title="bbox 90 1902 1884 1965; baseline -0.001 -15"><span class='ocrx_word' id='word_1_161' title='bbox 90 1902 299 1965; x_wconf 86' lang='lat' dir='ltr'><strong>benigne</strong></span> <span class='ocrx_word' id='word_1_162' title='bbox 330 1902 588 1964; x_wconf 88' lang='lat' dir='ltr'><strong>respondit</strong></span> <span class='ocrx_word' id='word_1_163' title='bbox 627 1919 788 1965; x_wconf 90' lang='lat' dir='ltr'><strong>neque</strong></span> <span class='ocrx_word' id='word_1_164' title='bbox 821 1904 871 1950; x_wconf 91' lang='lat' dir='ltr'><strong>in</strong></span> <span class='ocrx_word' id='word_1_165' title='bbox 914 1918 972 1951; x_wconf 88' lang='lat' dir='ltr'><strong>ea</strong></span> <span class='ocrx_word' id='word_1_166' title='bbox 1012 1902 1314 1950; x_wconf 81' lang='lat' dir='ltr'><strong>bibliotheca</strong></span> <span class='ocrx_word' id='word_1_167' title='bbox 1346 1919 1506 1965; x_wconf 88' lang='lat' dir='ltr'><strong>neque</strong></span> <span class='ocrx_word' id='word_1_168' title='bbox 1537 1902 1589 1950; x_wconf 91' lang='lat' dir='ltr'><strong>in</strong></span> <span class='ocrx_word' id='word_1_169' title='bbox 1623 1903 1788 1951; x_wconf 88' lang='lat' dir='ltr'><strong>archio</strong></span> <span class='ocrx_word' id='word_1_170' title='bbox 1881 1959 1884 1963; x_wconf 44' lang='lat'>.</span> 
     </span>
    </p>
   </div>
   <div class='ocr_carea' id='block_1_11' title="bbox 91 1970 1790 2411">
    <p class='ocr_par' dir='ltr' id='par_1_11' title="bbox 91 1970 1790 2411">
     <span class='ocr_line' id='line_1_23' title="bbox 92 1970 1789 2043; baseline 0 -19"><span class='ocrx_word' id='word_1_171' title='bbox 92 1978 289 2038; x_wconf 88' lang='lat' dir='ltr'><strong>privato</strong></span> <span class='ocrx_word' id='word_1_172' title='bbox 315 1977 535 2024; x_wconf 88' lang='lat' dir='ltr'><strong>familiae</strong></span> <span class='ocrx_word' id='word_1_173' title='bbox 563 1977 621 2025; x_wconf 89' lang='lat' dir='ltr'><strong>de</strong></span> <span class='ocrx_word' id='word_1_174' title='bbox 641 1976 902 2025; x_wconf 81' lang='lat' dir='ltr'><strong>Averoldis</strong></span> <span class='ocrx_word' id='word_1_175' title='bbox 929 1970 1112 2043; x_wconf 86' lang='lat' dir='ltr'><strong>(adhuc</strong></span> <span class='ocrx_word' id='word_1_176' title='bbox 1136 1977 1335 2025; x_wconf 89' lang='lat' dir='ltr'><strong>Brixiae</strong></span> <span class='ocrx_word' id='word_1_177' title='bbox 1359 1971 1605 2043; x_wconf 88' lang='lat' dir='ltr'><strong>florentis)</strong></span> <span class='ocrx_word' id='word_1_178' title='bbox 1630 1978 1789 2025; x_wconf 92' lang='lat' dir='ltr'><strong>ullum</strong></span> 
     </span>
     <span class='ocr_line' id='line_1_24' title="bbox 91 2049 1790 2114; baseline 0 -15"><span class='ocrx_word' id='word_1_179' title='bbox 91 2050 354 2114; x_wconf 83' lang='lat' dir='ltr'><strong>vestigium</strong></span> <span class='ocrx_word' id='word_1_180' title='bbox 378 2049 496 2099; x_wconf 87' lang='lat' dir='ltr'><strong>libri</strong></span> <span class='ocrx_word' id='word_1_181' title='bbox 517 2051 807 2099; x_wconf 84' lang='lat' dir='ltr'><strong>Firmiciam‘</strong></span> <span class='ocrx_word' id='word_1_182' title='bbox 829 2052 1064 2111; x_wconf 83' lang='lat' dir='ltr'><strong>inveniri3</strong></span> <span class='ocrx_word' id='word_1_183' title='bbox 1091 2067 1147 2099; x_wconf 92' lang='lat' dir='ltr'><strong>ac</strong></span> <span class='ocrx_word' id='word_1_184' title='bbox 1171 2067 1231 2099; x_wconf 91' lang='lat' dir='ltr'><strong>ne</strong></span> <span class='ocrx_word' id='word_1_185' title='bbox 1257 2051 1316 2099; x_wconf 89' lang='lat' dir='ltr'><strong>de</strong></span> <span class='ocrx_word' id='word_1_186' title='bbox 1339 2052 1563 2113; x_wconf 83' lang='lat' dir='ltr'><strong>personis</strong></span> <span class='ocrx_word' id='word_1_187' title='bbox 1590 2051 1790 2114; x_wconf 90' lang='lat' dir='ltr'><strong>quidem</strong></span> 
     </span>
     <span class='ocr_line' id='line_1_25' title="bbox 92 2124 1787 2188; baseline 0.001 -17"><span class='ocrx_word' id='word_1_188' title='bbox 92 2125 352 2187; x_wconf 85' lang='lat' dir='ltr'><strong>Baptistae</strong></span> <span class='ocrx_word' id='word_1_189' title='bbox 376 2125 556 2172; x_wconf 87' lang='lat' dir='ltr'><strong>medici</strong></span> <span class='ocrx_word' id='word_1_190' title='bbox 581 2128 671 2174; x_wconf 91' lang='lat' dir='ltr'><strong>aut</strong></span> <span class='ocrx_word' id='word_1_191' title='bbox 694 2126 849 2173; x_wconf 89' lang='lat' dir='ltr'><strong>Marci</strong></span> <span class='ocrx_word' id='word_1_192' title='bbox 873 2124 1081 2174; x_wconf 88' lang='lat' dir='ltr'><strong>Antonii</strong></span> <span class='ocrx_word' id='word_1_193' title='bbox 1104 2125 1343 2174; x_wconf 83' lang='lat' dir='ltr'><strong>Averoldi</strong></span> <span class='ocrx_word' id='word_1_194' title='bbox 1367 2126 1634 2188; x_wconf 86' lang='lat' dir='ltr'><strong>quicquam</strong></span> <span class='ocrx_word' id='word_1_195' title='bbox 1659 2141 1787 2174; x_wconf 92' lang='lat' dir='ltr'><strong>com-</strong></span> 
     </span>
     <span class='ocr_line' id='line_1_26' title="bbox 91 2199 1788 2262; baseline 0.001 -15"><span class='ocrx_word' id='word_1_196' title='bbox 91 2199 245 2260; x_wconf 88' lang='lat' dir='ltr'><strong>periri</strong></span> <span class='ocrx_word' id='word_1_197' title='bbox 274 2214 440 2262; x_wconf 91' lang='lat' dir='ltr'><strong>posse,</strong></span> <span class='ocrx_word' id='word_1_198' title='bbox 475 2215 775 2262; x_wconf 89' lang='lat' dir='ltr'><strong>quamquam</strong></span> <span class='ocrx_word' id='word_1_199' title='bbox 807 2200 1079 2248; x_wconf 90' lang='lat' dir='ltr'><strong>multorum</strong></span> <span class='ocrx_word' id='word_1_200' title='bbox 1112 2199 1215 2247; x_wconf 90' lang='lat' dir='ltr'><strong>eius</strong></span> <span class='ocrx_word' id='word_1_201' title='bbox 1247 2199 1430 2248; x_wconf 86' lang='lat' dir='ltr'><strong>nobilis</strong></span> <span class='ocrx_word' id='word_1_202' title='bbox 1463 2200 1685 2248; x_wconf 82' lang='lat' dir='ltr'><strong>familiae</strong></span> <span class='ocrx_word' id='word_1_203' title='bbox 1717 2201 1788 2248; x_wconf 87' lang='lat' dir='ltr'><strong>vi-</strong></span> 
     </span>
     <span class='ocr_line' id='line_1_27' title="bbox 91 2273 1789 2337; baseline 0.001 -17"><span class='ocrx_word' id='word_1_204' title='bbox 91 2289 274 2334; x_wconf 91' lang='lat' dir='ltr'><strong>rorum,</strong></span> <span class='ocrx_word' id='word_1_205' title='bbox 306 2274 393 2335; x_wconf 90' lang='lat' dir='ltr'><strong>qui</strong></span> <span class='ocrx_word' id='word_1_206' title='bbox 423 2273 605 2321; x_wconf 87' lang='lat' dir='ltr'><strong>litteris</strong></span> <span class='ocrx_word' id='word_1_207' title='bbox 630 2274 709 2322; x_wconf 81' lang='lat' dir='ltr'><strong>vel</strong></span> <span class='ocrx_word' id='word_1_208' title='bbox 741 2275 892 2322; x_wconf 86' lang='lat' dir='ltr'><strong>armis</strong></span> <span class='ocrx_word' id='word_1_209' title='bbox 916 2275 994 2322; x_wconf 87' lang='lat' dir='ltr'><strong>vel</strong></span> <span class='ocrx_word' id='word_1_210' title='bbox 1027 2274 1079 2320; x_wconf 93' lang='lat' dir='ltr'><strong>in</strong></span> <span class='ocrx_word' id='word_1_211' title='bbox 1106 2291 1157 2322; x_wconf 90' lang='lat' dir='ltr'><strong>re</strong></span> <span class='ocrx_word' id='word_1_212' title='bbox 1182 2273 1384 2337; x_wconf 89' lang='lat' dir='ltr'><strong>publica</strong></span> <span class='ocrx_word' id='word_1_213' title='bbox 1407 2275 1789 2336; x_wconf 88' lang='lat' dir='ltr'><strong>praestitissent,</strong></span> 
     </span>
     <span class='ocr_line' id='line_1_28' title="bbox 91 2347 891 2411; baseline 0 -16"><span class='ocrx_word' id='word_1_214' title='bbox 91 2347 300 2411; x_wconf 88' lang='lat' dir='ltr'><strong>insignis</strong></span> <span class='ocrx_word' id='word_1_215' title='bbox 331 2347 571 2396; x_wconf 88' lang='lat' dir='ltr'><strong>memoria</strong></span> <span class='ocrx_word' id='word_1_216' title='bbox 601 2350 891 2397; x_wconf 89' lang='lat' dir='ltr'><strong>remaneret.</strong></span> 
     </span>
    </p>
   </div>
   <div class='ocr_carea' id='block_1_12' title="bbox 92 2429 1790 2797">
    <p class='ocr_par' dir='ltr' id='par_1_12' title="bbox 92 2429 1790 2567">
     <span class='ocr_line' id='line_1_29' title="bbox 167 2429 1790 2479; baseline 0.001 -4"><span class='ocrx_word' id='word_1_217' title='bbox 167 2432 248 2476; x_wconf 84' lang='lat'><strong>37.</strong></span> <span class='ocrx_word' id='word_1_218' title='bbox 287 2431 660 2478; x_wconf 83' lang='lat' dir='ltr'><strong>Bononiensis</strong></span> <span class='ocrx_word' id='word_1_219' title='bbox 692 2430 1091 2479; x_wconf 86' lang='lat' dir='ltr'><strong>membranaceus</strong></span> <span class='ocrx_word' id='word_1_220' title='bbox 1115 2430 1352 2479; x_wconf 90' lang='lat' dir='ltr'><strong>Iohannis</strong></span> <span class='ocrx_word' id='word_1_221' title='bbox 1379 2429 1667 2478; x_wconf 79' lang='lat' dir='ltr'><strong>Barbatoris</strong></span> <span class='ocrx_word' id='word_1_222' title='bbox 1693 2430 1790 2479; x_wconf 87' lang='lat' dir='ltr'><strong>viri</strong></span> 
     </span>
     <span class='ocr_line' id='line_1_30' title="bbox 92 2501 976 2567; baseline 0.002 -19"><span class='ocrx_word' id='word_1_223' title='bbox 92 2501 273 2549; x_wconf 90' lang='lat' dir='ltr'><strong>nobilis</strong></span> <span class='ocrx_word' id='word_1_224' title='bbox 305 2501 596 2564; x_wconf 83' lang='lat' dir='ltr'><strong>Florentini,</strong></span> <span class='ocrx_word' id='word_1_225' title='bbox 628 2505 688 2553; x_wconf 86' lang='lat' dir='ltr'><strong>cf.</strong></span> <span class='ocrx_word' id='word_1_226' title='bbox 723 2522 766 2567; x_wconf 92' lang='lat' dir='ltr'><strong>p.</strong></span> <span class='ocrx_word' id='word_1_227' title='bbox 793 2504 976 2553; x_wconf 91' lang='lat' dir='ltr'>XVIII.</span> 
     </span>
    </p>

    <p class='ocr_par' dir='ltr' id='par_1_13' title="bbox 93 2574 1789 2797">
     <span class='ocr_line' id='line_1_31' title="bbox 166 2574 1789 2641; baseline 0.002 -18"><span class='ocrx_word' id='word_1_228' title='bbox 166 2580 252 2624; x_wconf 81' lang='lat'><strong>38.</strong></span> <span class='ocrx_word' id='word_1_229' title='bbox 276 2579 667 2636; x_wconf 89' lang='lat' dir='ltr'><strong>Bononiensis,</strong></span> <span class='ocrx_word' id='word_1_230' title='bbox 685 2595 830 2641; x_wconf 92' lang='lat' dir='ltr'><strong>quem</strong></span> <span class='ocrx_word' id='word_1_231' title='bbox 849 2594 1124 2641; x_wconf 86' lang='lat' dir='ltr'><strong>anonymus</strong></span> <span class='ocrx_word' id='word_1_232' title='bbox 1133 2578 1441 2627; x_wconf 89' lang='lat' dir='ltr'><strong>Monacensis</strong></span> <span class='ocrx_word' id='word_1_233' title='bbox 1458 2574 1591 2640; x_wconf 84' lang='lat' dir='ltr'><strong>(cf.p.</strong></span> <span class='ocrx_word' id='word_1_234' title='bbox 1603 2575 1789 2641; x_wconf 84' lang='lat' dir='ltr'>XVIII&gt;</span> 
     </span>
     <span class='ocr_line' id='line_1_32' title="bbox 94 2653 1789 2726; baseline 0.003 -23"><span class='ocrx_word' id='word_1_235' title='bbox 94 2673 152 2703; x_wconf 91' lang='lat' dir='ltr'><strong>ex</strong></span> <span class='ocrx_word' id='word_1_236' title='bbox 193 2659 508 2719; x_wconf 81' lang='lat' dir='ltr'><strong>praecedenti</strong></span> <span class='ocrx_word' id='word_1_237' title='bbox 548 2653 642 2726; x_wconf 88' lang='lat' dir='ltr'><strong>(nr.</strong></span> <span class='ocrx_word' id='word_1_238' title='bbox 678 2654 773 2724; x_wconf 87' lang='lat'><strong>37)</strong></span> <span class='ocrx_word' id='word_1_239' title='bbox 814 2659 1074 2722; x_wconf 87' lang='lat' dir='ltr'><strong>descripsit</strong></span> <span class='ocrx_word' id='word_1_240' title='bbox 1115 2662 1164 2708; x_wconf 88' lang='lat' dir='ltr'><strong>et</strong></span> <span class='ocrx_word' id='word_1_241' title='bbox 1203 2659 1455 2709; x_wconf 88' lang='lat' dir='ltr'><strong>Ludovico</strong></span> <span class='ocrx_word' id='word_1_242' title='bbox 1497 2659 1556 2707; x_wconf 90' lang='lat' dir='ltr'><strong>de</strong></span> <span class='ocrx_word' id='word_1_243' title='bbox 1587 2659 1789 2708; x_wconf 87' lang='lat' dir='ltr'><strong>Pauoris</strong></span> 
     </span>
     <span class='ocr_line' id='line_1_33' title="bbox 93 2731 901 2797; baseline 0.005 -20"><span class='ocrx_word' id='word_1_244' title='bbox 93 2731 426 2781; x_wconf 83' lang='lat' dir='ltr'><strong>commodavit</strong></span> <span class='ocrx_word' id='word_1_245' title='bbox 456 2749 544 2782; x_wconf 87' lang='lat' dir='ltr'><strong>nec</strong></span> <span class='ocrx_word' id='word_1_246' title='bbox 574 2737 901 2797; x_wconf 88' lang='lat' dir='ltr'><strong>recuperavit.</strong></span> 
     </span>
    </p>
   </div>
   <div class='ocr_carea' id='block_1_13' title="bbox 94 2815 1787 3026">
    <p class='ocr_par' dir='ltr' id='par_1_14' title="bbox 94 2815 1787 3026">
     <span class='ocr_line' id='line_1_34' title="bbox 168 2815 1787 2878; baseline 0.001 -18"><span class='ocrx_word' id='word_1_247' title='bbox 168 2817 254 2861; x_wconf 84' lang='lat'><strong>39.</strong></span> <span class='ocrx_word' id='word_1_248' title='bbox 280 2817 664 2872; x_wconf 84' lang='lat' dir='ltr'><strong>Carnutensis‚</strong></span> <span class='ocrx_word' id='word_1_249' title='bbox 690 2831 835 2878; x_wconf 92' lang='lat' dir='ltr'><strong>quem</strong></span> <span class='ocrx_word' id='word_1_250' title='bbox 853 2815 1044 2863; x_wconf 89' lang='lat' dir='ltr'><strong>Haenel</strong></span> <span class='ocrx_word' id='word_1_251' title='bbox 1060 2833 1107 2877; x_wconf 93' lang='lat' dir='ltr'><strong>p.</strong></span> <span class='ocrx_word' id='word_1_252' title='bbox 1123 2817 1224 2863; x_wconf 84' lang='lat'><strong>125</strong></span> <span class='ocrx_word' id='word_1_253' title='bbox 1246 2822 1596 2863; x_wconf 86' lang='lat' dir='ltr'><strong>commemorat</strong></span> <span class='ocrx_word' id='word_1_254' title='bbox 1618 2830 1787 2876; x_wconf 88' lang='lat' dir='ltr'><strong>quem-</strong></span> 
     </span>
     <span class='ocr_line' id='line_1_35' title="bbox 96 2888 1786 2948; baseline 0.002 -16"><span class='ocrx_word' id='word_1_255' title='bbox 96 2900 188 2947; x_wconf 91' lang='lat' dir='ltr'><strong>que</strong></span> <span class='ocrx_word' id='word_1_256' title='bbox 220 2888 405 2948; x_wconf 88' lang='lat' dir='ltr'><strong>perisse</strong></span> <span class='ocrx_word' id='word_1_257' title='bbox 437 2889 662 2937; x_wconf 89' lang='lat' dir='ltr'><strong>custodes</strong></span> <span class='ocrx_word' id='word_1_258' title='bbox 695 2889 1022 2938; x_wconf 86' lang='lat' dir='ltr'><strong>bibliothecae</strong></span> <span class='ocrx_word' id='word_1_259' title='bbox 1056 2889 1373 2938; x_wconf 87' lang='lat' dir='ltr'><strong>Carnutensis</strong></span> <span class='ocrx_word' id='word_1_260' title='bbox 1408 2889 1604 2937; x_wconf 84' lang='lat' dir='ltr'><strong>Sittelio</strong></span> <span class='ocrx_word' id='word_1_261' title='bbox 1637 2890 1786 2936; x_wconf 90' lang='lat' dir='ltr'><strong>inter·</strong></span> 
     </span>
     <span class='ocr_line' id='line_1_36' title="bbox 94 2961 1175 3026; baseline 0.006 -21"><span class='ocrx_word' id='word_1_262' title='bbox 94 2961 293 3023; x_wconf 87' lang='lat' dir='ltr'><strong>roganti</strong></span> <span class='ocrx_word' id='word_1_263' title='bbox 323 2963 697 3025; x_wconf 87' lang='lat' dir='ltr'><strong>rescripserunt,</strong></span> <span class='ocrx_word' id='word_1_264' title='bbox 731 2964 790 3011; x_wconf 86' lang='lat' dir='ltr'><strong>cf.</strong></span> <span class='ocrx_word' id='word_1_265' title='bbox 818 2962 939 3012; x_wconf 87' lang='lat' dir='ltr'><strong>Sittl</strong></span> <span class='ocrx_word' id='word_1_266' title='bbox 969 2980 1016 3026; x_wconf 89' lang='lat' dir='ltr'><strong>p.</strong></span> <span class='ocrx_word' id='word_1_267' title='bbox 1042 2962 1175 3012; x_wconf 89' lang='lat' dir='ltr'>XIII.</span> 
     </span>
    </p>
   </div>
  </div>
 </body>
</html>
