2038 3162
777 139 1133 186 PRAEFATIO.
1723 138 1803 183 XV

107 282 352 347 siquidem
383 282 443 330 in-
465 282 644 331 indicis
677 282 838 346 capite
869 282 1001 330 XVI.
1034 274 1115 348 (ε-
1141 296 1246 344 cap.
1272 281 1518 332 X.—-XII.
1551 274 1807 348 editionis)

106 372 308 421 prorsus
338 357 471 406 idem
501 357 696 406 accidit.
755 356 852 406 Sed
884 356 984 405 alia
1007 371 1084 405 res
1109 355 1251 404 nobis
1275 357 1527 420 graviores
1551 356 1808 419 scrupulos

106 433 286 481 movet.
360 429 421 479 In
466 431 706 480 laterculo
755 432 908 479 etiam
954 431 1167 479 alterum
1215 432 1493 495 capitulum
1538 431 1616 479 De
1660 431 1810 479 stellis

107 506 302 568 quamdo
341 507 441 554 sint
476 507 745 555 matutinae
782 522 987 555 numero
1025 505 1137 555 XII.
1168 507 1475 570 recensetur,
1519 505 1598 554 cui
1638 505 1808 554 eodem

106 581 215 630 iure
254 582 405 643 atque
445 580 664 644 capitulo
703 580 835 628 XVI.
869 595 927 629 ea
966 595 1094 642 quae
1133 582 1332 628 servata
1371 582 1488 629 sunt
1524 580 1579 627 in
1617 579 1809 628 addita-

107 656 276 704 mento
315 654 562 704 vindicari
603 669 747 718 posse
790 654 874 703 vix
915 654 1200 719 negandum
1245 656 1333 703 est.
1402 654 1633 716 Accedit,
1680 653 1811 716 quod

108 730 258 792 pauci
281 743 467 791 versus,
498 730 587 792 qui
613 732 728 778 ante
754 731 906 792 caput
927 728 1066 778 VIII.
1090 729 1244 791 positi
1266 729 1594 792 primordium
1618 728 1810 777 addita·

108 804 264 852 menti
302 805 422 852 sunt
460 798 553 871 (49
574 805 751 854 15-50
769 797 830 871 τ),
869 804 974 852 sine
1005 803 1113 852 ulla
1146 803 1457 852 dubitatione
1496 819 1596 852 non
1636 803 1698 851 ad
1737 804 1810 851 in-

109 878 233 927 dicis
265 878 543 942 capitulum
576 878 726 927 XIV.
758 879 836 926 De
866 879 1083 927 moribus
1119 879 1369 927 stellarum
1409 882 1453 926 et
1482 892 1573 938 quo
1605 881 1812 938 tempore

108 967 231 1014 quas
261 954 390 1002 vires
418 953 643 1010 habeant,
675 952 760 1000 sed
793 951 855 1000 ad
880 953 1157 1015 capitulum
1189 953 1285 1003 XI.
1317 954 1395 1002 De
1417 953 1572 1001 Lwna
1595 953 1711 1012 quid
1734 953 1813 1000 cui

107 1029 240 1076 astro
277 1042 329 1076 se
365 1029 572 1089 iunyens
610 1028 847 1088 siynificet
877 1027 1142 1091 quadrant.
1196 1027 1464 1076 Variarum
1503 1026 1811 1076 solutionum

107 1102 259 1151 huius
293 1101 614 1165 quaestioniS,
646 1117 775 1165 quae
809 1102 1082 1166 excogitari
1112 1103 1340 1166 possunt,
1373 1102 1496 1151 haec
1526 1101 1667 1150 nobis
1699 1117 1810 1164 pro-

107 1178 239 1226 xime
280 1176 344 1224 ad
382 1192 556 1225 verum
595 1176 824 1225 accedere
863 1176 1082 1238 videtur,
1128 1178 1186 1224 ut
1228 1177 1498 1225 secundum
1536 1176 1812 1238 capitulum

107 1251 340 1301 laterculi
370 1250 481 1300 XII.
512 1250 757 1301 vindicias
797 1251 1018 1300 dicamus
1058 1253 1108 1300 et
1145 1252 1276 1299 inter
1314 1253 1480 1314 capita
1521 1252 1692 1300 nostra
1726 1249 1811 1298 IX.

110 1328 161 1374 et
190 1326 266 1388 X.,
295 1325 428 1374 idest
458 1328 572 1389 post
605 1326 673 1375 52
691 1342 714 1375 s
743 1326 976 1374 lacunam
1008 1327 1302 1375 statuamus.
1359 1324 1414 1374 Si
1439 1326 1532 1374 hoc
1563 1327 1694 1374 recte
1726 1341 1812 1387 po-

110 1402 319 1462 suimus,
361 1399 648 1449 exciderunt
686 1400 907 1464 capitula
945 1399 1122 1449 indicis
1163 1400 1246 1449 IX.
1279 1401 1337 1448 X.
1370 1400 1507 1448 XIII.
1539 1399 1672 1447 XIV.
1706 1399 1810 1446 XV.

109 1476 243 1539 tota,
290 1475 428 1522 VIII.
470 1474 606 1537 finis,
652 1475 736 1523 XI.
774 1475 999 1536 initium,
1044 1474 1175 1525 XVI.
1214 1490 1331 1538 pars
1377 1475 1562 1536 media3
1616 1475 1814 1523 servata

111 1552 228 1598 sunt
249 1549 387 1598 VIII.
411 1549 629 1610 initium,
651 1549 737 1597 XI.
761 1549 873 1598 finis
898 1551 948 1597 et
970 1549 1080 1598 XII.
1098 1551 1261 1597 totum
1285 1543 1380 1615 (49
1400 1551 1574 1599 15—52
1594 1567 1615 1599 s
1633 1571 1688 1587 =
1706 1564 1811 1597 ver-

111 1640 194 1673 sus
228 1625 319 1673 57:
355 1624 517 1672 fuitne
549 1625 727 1672 folium
759 1623 1099 1687 quaternionis
1132 1623 1375 1686 deperditi
1385 1617 1451 1690 P),
1482 1624 1613 1673 XVI.
1646 1626 1813 1687 partes

110 1699 274 1761 prima
304 1693 399 1765 (52
419 1700 571 1748 9—53
592 1715 635 1748 ιο
660 1720 716 1736 ==
744 1700 810 1746 27
837 1713 1029 1747 versus:
1067 1698 1227 1747 fuitne
1257 1698 1446 1762 pagina
1476 1699 1583 1747 eius
1615 1703 1813 1761 quater-

112 1765 333 1840 nionis?)
367 1774 418 1820 et
448 1775 668 1821 extrema
700 1766 794 1840 (53
814 1773 990 1823 16—55
1008 1766 1146 1840 21).¹)

190 1905 391 1955 Codices
431 1907 730 1956 recentiores
767 1907 821 1955 in
860 1907 984 1956 duas
1025 1908 1205 1969 stirpes
1246 1906 1494 1957 discedere
1533 1908 1634 1955 iam
1667 1907 1761 1955 vol.
1788 1905 1811 1952 l

111 1998 162 2043 p.
184 1981 257 2028 VI
274 1996 343 2043 sq.
370 1983 665 2031 monuimus.
723 1981 944 2038 Quarum
968 1997 1042 2044 ea,
1074 1997 1222 2044 quam
1248 1980 1593 2030 Germanicam
1617 1982 1672 2030 Γ
1689 1997 1812 2028 nun-

114 2057 427 2118 cupavimuS,
467 2057 587 2119 quia
618 2056 867 2119 potissimi
905 2056 1010 2104 eius
1049 2056 1218 2119 stirpis
1259 2056 1375 2104 libri
1414 2056 1466 2103 in
1506 2055 1813 2104 Germanicis

113 2129 427 2178 bibliothecis
459 2129 809 2193 adservantur,
849 2130 1098 2193 puriorem
1131 2130 1388 2193 archetypi
1421 2125 1594 2197 (huius
1626 2130 1814 2178 scilicet

193 2318 235 2371 1)
267 2315 358 2360 Res
402 2329 455 2361 eo
495 2314 737 2370 incertior,
782 2315 906 2372 quod
952 2315 1099 2360 indici
1139 2317 1209 2373 (ut
1255 2330 1309 2361 ex
1355 2315 1570 2374 partibus
1618 2316 1813 2374 integris

117 2375 492 2434 cognoscitur)p
494 2374 603 2419 lena
633 2375 749 2419 fides
780 2389 874 2419 non
906 2377 989 2420 est.
1038 2375 1180 2420 Velut
1206 2375 1285 2419 hic
1309 2376 1622 2432 suspicionem
1646 2378 1813 2430 movet,

116 2434 243 2490 quod
279 2437 421 2491 caput
450 2434 548 2479 XII.
583 2435 782 2479 eundem
820 2434 918 2479 fere
955 2434 1148 2479 titulum
1187 2435 1331 2479 habet
1362 2449 1501 2491 quem
1541 2437 1685 2492 caput
1716 2435 1812 2479 XV.

116 2494 170 2537 Id
201 2508 306 2538 vero
340 2497 519 2539 certum
550 2494 747 2550 videtur,
781 2494 946 2538 eodem
977 2496 1185 2551 tempore
1217 2509 1466 2552 compages
1499 2498 1546 2539 et
1569 2509 1662 2549 eas,
1695 2508 1815 2550 quae

117 2553 241 2597 hunc
258 2554 614 2609 quaternionem
630 2553 745 2611 (sive
762 2553 1021 2597 ternionem
1039 2553 1135 2597 sive
1151 2554 1420 2610 quinionem
1439 2554 1592 2598 dicere
1614 2556 1813 2611 oportet)

119 2611 423 2670 colligabant,
457 2615 504 2658 et
529 2626 622 2669 eas,
650 2626 771 2669 quae
795 2615 998 2680 priorem
1023 2613 1199 2658 codicis
1222 2616 1405 2670 partem
1431 2628 1535 2657 cum
1560 2613 1814 2670 posteriore

117 2627 400 2728 iungebant,
439 2671 570 2716 laxas
614 2671 780 2716 fuisse:
830 2674 878 2716 et
914 2672 1066 2728 primo
1106 2673 1296 2729 quidem
1337 2673 1462 2716 illius
1495 2673 1814 2730 quaternionis

119 2730 353 2786 quaedam
384 2734 542 2788 partes
574 2731 828 2788 perierunt,
858 2734 961 2775 tum
994 2732 1275 2789 archetypus
1305 2733 1518 2777 codicum
1544 2735 1647 2777 octo
1672 2732 1814 2776 libro-

119 2803 222 2833 rum
254 2803 310 2833 ex
340 2789 422 2834 illo
456 2791 616 2835 codice
649 2791 886 2834 derivatus
918 2792 1000 2835 est.
1050 2791 1230 2836 Deinde
1263 2794 1311 2835 et
1342 2794 1497 2836 cetera
1536 2791 1664 2835 illius
1701 2805 1815 2848 qua-

120 2848 346 2893 ternionis
378 2849 492 2894 folia
526 2852 572 2894 et
603 2852 706 2894 tota
743 2863 852 2906 pars
890 2851 1120 2906 posterior
1158 2850 1454 2905 interierunt,
1495 2853 1596 2894 tum
1629 2850 1815 2894 demum

121 2909 402 2965 archetypus
446 2909 660 2953 codicum
702 2910 926 2965 quattuor
967 2909 1110 2954 libros
1155 2910 1567 2966 complectentium
1612 2910 1814 2966 descrip-

121 2968 196 3011 tus
228 2970 300 3012 est
331 2968 407 3025 (cf.
435 2982 480 3025 p.
506 2968 622 3027 XII).
