2066 3192
102 583 122 617 5

0 941 121 988 ³10

77 1329 118 1362 15

75 1702 118 1733 20

821 141 885 187 VI
918 145 987 197 15,
1012 154 1150 188 6-13.
1732 141 1835 195 103

150 281 306 331 perae
343 262 616 316 felicitatis
665 262 1003 334 extinguent,
1049 265 1103 316 et
1141 263 1364 316 miserae
1403 262 1713 316 deiectionis
1753 281 1837 316 ex-

148 337 305 390 itium
330 336 527 390 caduca
549 336 852 390 humilitate
881 337 1183 391 decernunt.
1246 336 1351 391 Sed
1381 336 1511 390 haec
1542 337 1838 391 infortunia

148 411 322 465 medio
361 411 501 463 vitae
538 414 779 480 tempore
817 412 1011 465 fortius
1050 411 1440 465 convalescunt.
1520 410 1577 464 Si
1616 429 1740 464 vero
1780 413 1838 465 in
1858 412 1921 464 11

149 485 366 539 deiectis
419 503 479 538 ac
533 484 701 556 pigris
754 485 888 539 locis
935 485 1213 539 constituti
1264 485 1522 539 diametra
1568 504 1623 539 se
1668 486 1836 539 radia-

147 562 293 614 tione
331 560 676 630 respexerint,
715 561 892 613 minus
933 560 1147 630 quidem
1179 560 1464 628 nocebunt,
1503 559 1596 614 sed
1627 559 1837 613 dolores

147 638 199 688 et
223 634 444 687 miserae
476 634 728 704 egestatis
760 635 1096 688 incommoda
1121 652 1186 688 ex
1216 633 1320 687 ista
1342 634 1639 687 radiatione
1663 634 1838 689 decer-

143 712 294 762 nunt.
373 707 477 762 Sed
515 708 647 762 haec
686 710 866 763 omnia
903 709 1166 762 malorum
1205 709 1489 762 metuenda
1532 709 1838 762 discrimina

144 782 367 836 Veneris
413 800 474 836 ac
513 782 655 836 Iovis
704 783 983 853 oportunis
1031 783 1353 837 testimoniis
1399 782 1734 854 mitigantur,
1786 787 1840 837 et

145 858 517 910 malivolarum
559 860 834 911 stellarum
874 857 1083 911 malitia
1120 876 1376 927 prospero
1410 858 1719 911 testimonio
1753 857 1838 911 dei

145 931 391 985 salutaris
430 932 749 1002 hebetatur,
770 936 823 985 et
861 932 1291 1002 praecedentium
1332 932 1701 986 discriminum
1739 932 1838 984 mi-

144 1025 301 1060 naces
340 1007 513 1059 exitus
552 1007 906 1060 resolvuntur.

258 1079 593 1150 [Saturnus
625 1085 686 1135 et
720 1080 826 1134 Sol
863 1081 1197 1151 diametri]
1238 1080 1295 1134 Si
1330 1079 1590 1134 Saturnus
1623 1083 1677 1133 et
1709 1079 1803 1134 Sol
1822 1092 1994 1136 f0173r1

146 1155 402 1208 diametra
434 1175 489 1209 se
519 1155 815 1209 radiatione
824 1157 1188 1240 respexerint,
1228 1159 1282 1209 et
1311 1156 1368 1208 in
1400 1156 1682 1208 contrariis
1714 1173 1836 1209 con·
1858 1156 1926 1208 12

146 1229 325 1282 stituti
355 1230 487 1283 locis
526 1230 690 1302 longa
730 1249 784 1284 se
820 1230 1047 1283 invicem
1088 1230 1283 1283 virium
1325 1248 1540 1283 suarum
1572 1233 1838 1299 potestate

142 1305 495 1373 pulsaverint,
540 1323 638 1358 nec
676 1323 765 1358 eos
806 1323 870 1357 ex
909 1305 1089 1373 aliqua
1125 1308 1278 1374 parte
1316 1303 1460 1357 Iovis
1500 1305 1730 1358 salutare
1770 1305 1838 1358 si-

144 1379 242 1431 dus
290 1380 534 1449 aspiciat,
590 1382 681 1432 aut
728 1382 934 1448 patrem
981 1379 1180 1432 facient
1225 1378 1513 1433 laboriosis
1557 1379 1838 1432 necessita·

142 1452 288 1506 tibus
327 1453 590 1523 inplicari,
629 1457 721 1506 aut
760 1453 893 1523 ipsis
933 1457 1072 1507 certe
1109 1453 1407 1507 laboriosae
1445 1454 1587 1506 vitae
1626 1454 1836 1522 pondus

143 1528 430 1597 inponunt,
470 1532 563 1580 aut
602 1529 857 1599 egestatis
898 1529 1174 1599 angustias
1214 1546 1335 1581 cum
1376 1527 1605 1597 quadam
1643 1528 1837 1582 tenaci-

141 1606 253 1654 tate
284 1603 589 1656 decernunt.
650 1601 790 1656 Aliis
829 1603 1048 1656 acerbae
1087 1602 1398 1656 valitudinis
1439 1601 1720 1655 discrimen
1759 1603 1836 1655 in·

142 1677 349 1747 fligunt.
427 1676 530 1730 Sed
576 1681 630 1730 et
676 1676 830 1746 siqua
877 1677 1165 1730 habuerint
1216 1677 1452 1730 subsidia
1502 1677 1836 1746 facultatum,
1858 1676 1923 1728 13

143 1754 234 1803 aut
288 1751 418 1820 ipsis
474 1752 646 1804 adhuc
701 1752 1224 1821 superstiti[oni]bus
1270 1754 1517 1821 pereunt,
1572 1754 1664 1804 aut
1714 1756 1837 1820 post

142 1829 366 1878 mortem
406 1844 590 1878 eorum
630 1827 839 1879 miseris
872 1825 1288 1879 lacerationibus
1321 1825 1661 1894 dissipantur.
1732 1823 1836 1878 Sed

142 1902 194 1952 et
234 1900 401 1952 malae
442 1902 630 1953 mortis
671 1900 894 1953 exitium
936 1919 1002 1953 ex
1040 1902 1146 1953 ista
1184 1900 1482 1954 radiatione
1522 1900 1835 1968 decernitur,

143 2059 343 2105 ἐλπίδων
386 2062 692 2115 ἀποστεροῦσι
732 2062 812 2105 καὶ
851 2063 912 2118 (3)
953 2062 1058 2116 περὶ
1100 2060 1266 2137 μέσους
1339 2058 1506 2116 ρόνους
1553 2060 1834 2117 καθαίρεσιν

143 2119 232 2164 ἐποὶ
264 2133 415 2165 ουσιν·
459 2121 510 2166 ἐν
542 2121 592 2166 δὲ
624 2128 721 2172 τοῖς
752 2119 1065 2177 ἀποκλίμασιν
1097 2117 1236 2176 ἧττον
1269 2079 1353 2177 μέν
1386 2120 1653 2194 βλάπτουσι,
1687 2121 1836 2172 λύπας

142 2179 193 2224 δὲ
253 2197 347 2235 μως
378 2181 459 2224 καὶ
490 2180 735 2231 ἐκπτωσεις
767 2179 1014 2237 ἐπάγουσι·
1102 2184 1225 2237 (102,
1248 2182 1326 2237 23)
1358 2179 1489 2231 τινὰς
1520 2178 1571 2223 δὲ
1604 2180 1683 2223 καὶ
1716 2181 1833 2234 ξενι-

140 2239 360 2289 τεύοντας
390 2246 606 2283 ποιοῦσιν
637 2238 664 2295 ἢ
691 2239 885 2290 δούλους
909 2238 1184 2295 ἐλευθέρους
1215 2242 1436 2295 (102,19)
1471 2236 1732 2295 ἐπίκεντροι
1758 2239 1833 2284 ὄν·

140 2315 213 2349 τες
244 2298 294 2342 ἐν
325 2305 422 2349 τοῖς
458 2297 723 2354 διαμέτροις
754 2297 971 2358 σχήμασι·
1015 2301 1134 2355 (101,
1160 2301 1204 2357 9)
1236 2298 1446 2355 μεγάλων
1478 2297 1566 2354 γὰρ
1599 2299 1834 2343 κινδύνων

141 2358 227 2402 εἰσὶ
267 2356 506 2413 παραίτιοι
540 2357 762 2413 ἀλλήλους
801 2359 1165 2414 διαμετροῦντες.
1291 2362 1344 2402 15
1378 2362 1479 2412 166,
1505 2362 1564 2402 12
1605 2365 1687 2402 τοῦ
1720 2359 1835 2410 Διὸς

141 2417 200 2474 μὴ
227 2416 427 2472 ὁρῶντος
451 2415 716 2474 καματηρὸς
741 2416 764 2461 ὁ
789 2418 940 2475 πατὴρ
966 2418 1045 2461 καὶ
1071 2415 1347 2492 φειδωλὸς
1322 2435 1350 2473 η
1377 2416 1603 2473 ἐπισινής
1631 2420 1722 2474 (21)
1740 2417 1831 2462 ἔστι

142 2475 192 2521 δὲ
224 2477 304 2520 καὶ
337 2477 608 2531 δαπανηρὸς
639 2477 746 2531 περὶ
777 2476 862 2533 τὴν
893 2474 1168 2532 περιουσίαν
1209 2478 1352 2522 αὐτοῦ
1393 2478 1471 2521 καὶ
1512 2475 1832 2532 ἀφανιστικός,

143 2533 194 2586 ὃς
233 2536 312 2580 καὶ
350 2553 407 2579 τα
447 2536 820 2591 καταλειφθέντα
860 2537 940 2581 καὶ
979 2536 1098 2581 αὐτὰ
1155 2536 1363 2593 κτήματα
1403 2539 1453 2610 κ)
1487 2535 1762 2590 ἀπόλλυσιν,
1803 2535 1830 2592 ἢ

141 2595 220 2639 καὶ
268 2593 598 2645 κακοθάνατος
647 2594 783 2639 ἔσται.
870 2597 962 2652 (17)
1007 2600 1069 2656 τῷ
1111 2597 1140 2640 δ
1211 2597 1348 2640 παιδὶ
1395 2593 1578 2653 μόχθον
1625 2599 1831 2651 διηνεκῆ,

262 2719 284 2757 1
320 2712 554 2770 extinguit
584 2713 920 2758 incrementum
951 2717 991 2758 Δ
1019 2716 1027 2770 Ι
1056 2715 1231 2759 exitum
1263 2712 1363 2757 A'A
1488 2718 1512 2757 3
1545 2713 1712 2757 fortius
1744 2728 1826 2759 om.

143 2775 181 2816 Δ
299 2777 324 2816 5
358 2773 439 2817 sed
473 2773 512 2831 ζ]
546 2774 592 2816 et
715 2778 769 2817 10
801 2773 1051 2817 hebetatur
1083 2774 1128 2833 σ]
1160 2773 1390 2817 habeatur
1512 2777 1566 2816 18
1599 2774 1830 2829 egestates

143 2834 181 2875 Δ
306 2837 361 2875 20
393 2831 643 2876 habuerint
674 2833 777 2891 AN]
810 2831 1029 2876 habuerit
1150 2838 1202 2876 21
1239 2835 1322 2875 aut
1337 2834 1476 2889 prius
1506 2833 1546 2890 ζ]
1581 2832 1639 2875 ab
1689 2835 1695 2890 Ι
1745 2833 1829 2876 del.

142 2905 203 2934 κσ
236 2891 545 2947 (superstibus
578 2893 602 2944 ζ
622 2897 809 2948 propter
840 2892 1110 2948 clausulam)
1249 2896 1303 2934 22
1335 2893 1506 2935 mortes
1547 2893 1586 2934 A
1638 2894 1644 2947 Ι
1695 2891 1828 2935 dissi-

141 2951 280 3006 patur
310 2965 422 2996 corr.
454 2966 484 2993 v
