2066 3192
280 177 348 228 14
976 203 981 208 ·
1003 174 1232 220 FIRMIGI

274 296 494 348 habebit
533 297 733 366 pariter
771 299 824 348 et
862 299 1099 365 nepotes,
1140 297 1232 349 sed
1270 297 1400 348 1311110
1439 314 1560 350 011111
1599 296 1763 350 limen
1801 297 1962 350 fuerit

276 371 563 423 senectutis
595 371 880 441 ingressus,
922 373 973 421 et
1013 371 1114 422 erit
1153 369 1276 422 talis
1315 373 1377 422 ut
1416 388 1600 423 omnes
1640 370 1849 424 dolores
1888 370 1960 423 fa-

275 444 488 497 cillimis
549 444 847 496 rationibus
909 444 1154 513 perferat,
1209 447 1261 497 et
1317 444 1409 512 qui
1472 444 1663 496 damna
1715 446 1963 513 <e>recta

274 518 467 572 mentis
507 519 828 571 auctoritate
869 521 1188 570 contemnat.
1265 517 1373 571 Alii
1412 521 1638 571 secretas
1677 519 1962 589 perlegunt

273 592 495 662 litteras,
529 596 581 645 et
613 593 921 646 caelestium
955 595 1048 645 aut
1079 611 1348 645 sacrarum
1373 611 1551 645 rerum
1576 593 1788 646 ordines
1814 611 1960 646 mon·
2007 613 2026 645 5

213 730 217 733 ¹
275 670 459 719 strant.
498 666 676 720 Erunt
701 667 978 737 ingeniosi.
999 667 1128 718 iusti
1160 666 1379 735 cordati,
1413 670 1465 719 et
1502 667 1593 736 qui
1630 667 1960 720 adversarios

274 741 513 794 subdolis
554 759 760 810 semper
807 740 1324 793 dissimulationibus
1372 741 1735 809 insequantur,
1775 742 1962 795 docen—

272 819 353 868 tes
405 815 584 868 omnia
630 819 683 869 et
722 814 916 884 quibus
963 814 1194 868 felicitas
1242 815 1408 868 tardis
1455 815 1792 884 processibus
1841 834 1962 869 con-

273 890 488 944 feratur.
561 888 618 942 Si
664 890 719 942 in
765 888 1008 942 Piscibus
1047 887 1189 942 IMO.
1229 888 1406 959 fuerit,
1454 890 1510 941 in
1557 891 1772 958 aquosis
1826 891 1960 943 locis

272 963 491 1016 habebit
549 964 685 1016 vitae
741 963 990 1016 subsidia.
1052 963 1174 1015 Erit
1224 962 1348 1017 talis
1404 964 1554 1017 cuius
1603 964 1729 1017 fidei
1776 968 1962 1018 cuncta
1986 985 2029 1018 ιο

272 1038 565 1091 credantur.
625 1037 746 1090 Erit
777 1041 936 1091 notus
976 1040 1030 1090 et
1066 1037 1281 1107 nobilis,
1322 1038 1414 1090 sed
1454 1038 1594 1092 circa
1624 1057 1845 1091 uxorem
1876 1039 1961 1091 vel

272 1113 492 1166 affectus
518 1113 630 1165 eius
656 1113 858 1165 alienus
885 1112 1047 1181 [erit]
1099 1111 1202 1164 Sed
1233 1113 1280 1164 si
1310 1111 1474 1165 istum
1507 1112 1686 1167 locum
1717 1113 1961 1183 Iuppiter

272 1187 452 1256 aliqua
502 1186 799 1239 radiatione
853 1186 1161 1256 respexerit,
1215 1187 1371 1239 facile
1426 1206 1646 1240 uxorem
1699 1188 1859 1257 ducit,
1907 1191 1960 1240 et

271 1264 426 1313 erunt
474 1261 522 1313 ei
570 1262 711 1331 grati
760 1261 1067 1330 coniugales
1115 1261 1349 1330 affectus,
1390 1261 1482 1314 sed
1522 1265 1706 1331 stupro
1747 1262 1832 1314 vel
1871 1261 1958 1314 ad-

270 1336 462 1388 ulterio
505 1336 773 1406 cognitam
814 1335 962 1388 ducit
1000 1353 1237 1387 uxorem.
1982 1355 2023 1390 15

181 1410 251 1462 26
381 1408 817 1479 [Horoscopus
858 1411 922 1461 in
964 1408 1401 1494 Capricorno]
1451 1409 1508 1463 Si
1539 1395 1915 1479 horoscopus
1902 1429 1958 1463 111

273 1482 595 1553 Capricorno
642 1485 807 1537 fuerit
854 1484 1119 1552 inventus,
1158 1484 1341 1536 amicis
1380 1502 1516 1553 puro
1566 1484 1782 1537 exhibet
1829 1485 1956 1537 ami-

270 1558 451 1610 citiam
509 1576 714 1627 semper
767 1559 973 1611 affectu.
1051 1525 1173 1610 Eiit
1221 1558 1476 1611 subdolus
1525 1559 1622 1628 [et]
1671 1560 1859 1628 laetuS,
1905 1562 1957 1612 et

270 1633 355 1684 cui
402 1633 538 1684 nihil
580 1633 716 1686 desit
755 1633 821 1684 ad
861 1633 1001 1686 vitae
1041 1631 1353 1687 subsidium.
1415 1631 1863 1704 Peregrinabitur,
1903 1636 1956 1685 et

270 1706 462 1774 quibus
524 1707 664 1758 vitae
727 1707 981 1760 alimenta
1041 1707 1383 1775 praestiterit,
1445 1707 1549 1776 ipsi
1610 1708 1658 1760 ei
1720 1707 1957 1760 existunt
1980 1729 2024 1762 20

270 1799 477 1849 semper
515 1781 727 1850 ingrati.
790 1781 911 1833 Erit
951 1781 1195 1833 amabilis
1235 1781 1387 1849 parvi
1427 1781 1607 1850 animi,
1648 1785 1700 1833 et
1733 1781 1812 1834 dis
1844 1782 1954 1835 lon-

269 1856 350 1924 gis
399 1858 452 1908 et
497 1855 721 1924 prolixis
773 1873 978 1924 semper
1026 1855 1271 1923 precibus
1319 1855 1593 1908 molestus
1662 1855 1785 1908 Erit
1831 1854 1954 1907 talis

269 1929 352 1980 0111
409 1929 642 1981 abundet
698 1929 997 1981 substantia
1057 1929 1342 1982 facultatis.
1421 1929 1541 1981 Erit
1602 1929 1954 1982 muliebribus

267 2002 582 2055 libidinibus
624 2003 908 2073 obligatus„
949 2006 1002 2054 et
1042 2003 1134 2071 qui
1179 2003 1277 2056 has
1326 2003 1535 2055 easdem
1584 2005 1830 2057 mulieres
1872 2021 1955 2056 ex-

268 2078 427 2145 pletis
495 2077 808 2129 libidinibus
882 2078 1181 2146 vituperare
1258 2077 1568 2145 contendat,
1639 2078 1952 2130 sacramenti
1978 2098 2020 2131 25

268 2151 539 2204 cuiusdam
602 2154 694 2203 aut
756 2169 1025 2204 sacrorum
1089 2154 1180 2203 aut
1241 2151 1381 2203 vitae
1451 2152 1652 2205 alienae
1714 2155 1805 2204 aut
1867 2152 1954 2204 ab-

181 2225 246 2276 27
268 2243 573 2278 sconsarum
617 2226 937 2295 religionum
979 2228 1178 2278 secreta
1216 2225 1532 2294 perdiscens.
1596 2225 1652 2278 Si
1699 2227 1753 2278 in
1792 2225 1954 2278 Libra

267 2298 382 2351 MC.
422 2300 597 2367 fuerit,
639 2299 738 2351 erit
777 2301 899 2368 pius
946 2299 1171 2352 honesta
1210 2299 1384 2369 gratia
1423 2300 1679 2353 sermonis
1721 2303 1953 2368 ornatuS,

388 2450 409 2487 1
446 2444 526 2488 sed
551 2459 654 2488 cum
679 2444 835 2488 lumen
860 2450 895 2486 D
912 2445 969 2487 1Ε
1078 2450 1102 2488 3
1137 2445 1242 2488 add.
1269 2458 1331 2488 κσ
1355 2447 1478 2488 recte
1497 2447 1535 2488 Δ
1644 2449 1669 2487 4
1695 2444 1815 2489 Aliis
1839 2459 1950 2490 corr.

268 2517 291 2547 6
319 2506 324 2558 Ι
352 2503 565 2560 perlegat
583 2506 621 2546 Δ
716 2508 740 2545 5
766 2505 994 2547 monstrat
1010 2506 1049 2547 Δ
1079 2506 1084 2560 Ι
1114 2504 1351 2561 docentes]
1371 2503 1602 2547 discentes
1619 2507 1644 2556 ζ
1665 2506 1720 2559 cf.
1740 2509 1812 2558 40,
1830 2517 1871 2547 18

270 2568 320 2605 12
349 2564 430 2606 del.
446 2566 470 2614 ζ
555 2568 605 2605 13
638 2562 778 2606 facile
799 2563 864 2620 Γ]
889 2563 1092 2606 facetam
1111 2565 1149 2606 Δ
1180 2565 1184 2619 Ι
1215 2563 1408 2606 ducetN
1435 2565 1441 2619 Ι
1471 2562 1600 2606 ducit
1622 2577 1811 2607 uxorem
1836 2565 1897 2615 αζ

273 2626 322 2663 14
342 2622 422 2664 sed
441 2622 484 2679 σ]
503 2624 550 2665 013
644 2626 695 2664 15
715 2625 962 2678 cognatam
985 2624 1029 2665 Γ
1117 2627 1169 2665 16
1190 2623 1348 2665 lemma
1366 2624 1498 2666 om.A
1586 2627 1639 2665 17
1658 2622 1818 2665 amicis
1835 2636 1950 2678 puro

272 2681 337 2737 Γ]
357 2680 538 2724 comitis
563 2694 728 2736 puram
747 2683 785 2723 A
812 2694 951 2736 puros
1047 2680 1280 2723 amicitiae
1302 2713 1332 2723 ..
1347 2716 1356 2723 .
1376 2680 1569 2724 affectus
1588 2684 1612 2733 ζ
1636 2682 1642 2738 Ι
1671 2681 1857 2725 exhibet
1873 2681 1950 2738 13²]

268 2740 441 2782 exciuit
471 2743 515 2783 Γ
538 2739 702 2795 <exiuit
727 2742 776 2795 G)
803 2740 930 2783 exuit
954 2742 992 2782 A
1091 2746 1142 2782 18
1169 2740 1252 2783 del.
1270 2755 1296 2782 a
1391 2745 1442 2782 19
1477 2740 1551 2783 cui
1575 2741 1631 2798 A]
1666 2754 1770 2783 cum
1798 2741 1803 2795 Ι
1831 2741 1952 2784 Ante

266 2811 442 2854 peregr.
470 2800 683 2842 excidisse
700 2805 838 2854 putat
862 2799 1059 2842 multum
1084 2800 1150 2842 ‘vel
1173 2800 1345 2842 similia
1370 2812 1394 2841 σ
1487 2805 1537 2841 21
1565 2798 1717 2856 parvi]
1741 2799 1846 2855 puri
1871 2802 1894 2851 ζ

268 2861 320 2898 22
348 2857 591 2900 molestum
619 2860 657 2900 A
682 2854 688 2860 '
752 2862 805 2900 23
833 2858 924 2915 cui]
952 2858 1032 2913 qui
1057 2860 1080 2910 ζ
1106 2860 1110 2914 Ι
1140 2858 1244 2916 erit]
1272 2859 1318 2900 et
1342 2857 1422 2912 qui
1439 2862 1517 2900 DE
1546 2858 1551 2915 Ι
1579 2858 1826 2901 mulierum
1850 2860 1888 2900 A

268 2920 322 2957 24
349 2916 582 2972 obligatus
603 2942 656 2948 —-
676 2916 951 2960 libidinibus
976 2931 1058 2961 om.
1078 2919 1116 2959 A
1211 2920 1265 2959 25
1292 2918 1560 2960 contemnat
1583 2919 1622 2960 A
1716 2921 1771 2959 27
1796 2916 1947 2972 predi-

267 2988 373 3017 cens
394 2977 433 3018 A
527 2980 582 3018 28
607 2975 803 3018 honesta
832 2977 898 3032 Γ]
924 2975 1142 3019 honestus
1169 2977 1208 3018 A
1234 2975 1357 3031 (hon.
1377 2989 1444 3031 gr.
1463 2976 1568 3031 pius
1592 2978 1689 3031 DE)
1713 2975 1897 3019 honesti
1922 2990 1949 3017 a
