2038 3162
230 123 314 168 XII
894 123 1251 169 PRAEFATIO.

229 265 357 314 libro
389 265 454 313 Π.
493 265 776 313 exciderant
813 266 1098 314 contineret.
1161 264 1369 313 Exstitit
1405 266 1564 329 igitur
1602 281 1725 314 aevo
1757 267 1814 314 ut
1844 267 1915 315 vi·

230 339 374 387 detur
404 338 634 388 Carolino
665 343 807 388 vetus
840 339 1004 400 codex,
1036 339 1090 386 in
1121 354 1218 401 quo
1250 338 1377 387 liber
1406 339 1445 387 I.
1477 341 1627 402 totus,
1658 339 1722 387 II.
1754 341 1829 388 ita
1859 341 1918 388 ut

227 413 326 462 duo
359 414 460 461 fere
491 413 614 461 folia
645 415 984 476 quaternionis
1024 413 1241 461 ceterum
1280 411 1523 475 deperditi
1555 407 1635 479 (ut
1667 414 1800 462 infra
1833 430 1917 476 ap-

226 482 444 553 parebit)
470 490 666 536 servata
694 490 870 549 essent,
901 487 992 535 III.
1017 489 1068 534 et
1090 486 1175 536 IV.
1201 486 1310 534 fere'
1332 488 1532 550 integri,
1556 487 1614 537 V.
1639 487 1918 551 mutilatus,

226 561 312 611 VI.
330 563 381 610 et
402 561 513 609 VII.
539 564 589 610 et
611 561 751 610 VIII.
782 563 885 610 fere
916 561 1101 626 integri
1131 563 1362 609 inessent.
1417 561 1493 609 Ex
1523 561 1616 611 hoc
1649 563 1918 626 archetypo

226 635 370 683 fiuxit
391 635 518 683 liber
539 636 598 697 is,
623 637 709 699 qui
725 636 1047 699 Neapolitani
1069 635 1273 684 librario
1299 636 1349 684 et
1372 635 1718 698 supplementa
1742 639 1792 684 et
1816 652 1918 685 cor-

167 710 171 712 ’
225 711 446 758 recturas
470 709 689 774 insignes
721 711 988 772 praestitit.
1037 708 1225 758 Deinde
1259 725 1369 757 cum
1401 712 1451 758 et
1481 710 1635 758 inVI.
1663 712 1712 758 et
1735 711 1788 757 in
1805 711 1917 761 VII.

225 784 352 832 libro
396 784 582 848 singuli
624 784 973 846 quaterniones
1015 782 1300 832 interissent
1344 776 1417 850 (II
1455 801 1502 845 p.
1531 785 1631 832 121
1654 787 1879 834 14—139
1900 802 1918 834 ἰ

227 881 282 896 =
309 859 413 907 459
446 874 631 920 versus,
663 876 708 922 p.
737 859 842 908 245
860 859 1063 909 5-—261
1084 875 1104 907 s
1130 881 1185 895 =
1212 858 1317 905 482
1352 872 1523 907 versus
1548 854 1920 925 Teubneriaui),

225 933 267 981 is
300 933 450 981 codex
481 934 754 995 exscriptus
794 937 891 995 est,
931 935 1020 996 qui
1055 933 1327 980 recentium
1366 932 1593 980 codicum
1630 932 1919 981 Italicorum

226 1007 522 1069 archetypus
554 1008 715 1056 factus
748 1008 834 1055 est.
889 1007 1113 1069 Denique
1146 1008 1196 1055 et
1228 1021 1354 1068 quae
1384 1007 1437 1054 in
1469 1005 1533 1054 ΙΙ.
1562 1005 1690 1055 libro
1723 1010 1921 1056 servata

224 1082 277 1128 in
322 1081 591 1130 recentium
639 1082 879 1130 librorum
927 1083 1250 1143 archetypum
1302 1082 1651 1142 pervenerant,
1705 1082 1756 1129 et
1807 1081 1919 1130 finis

226 1155 341 1203 libri
371 1155 456 1204 IV.
487 1157 536 1203 et
566 1155 684 1204 libri
713 1155 896 1220 integri
919 1155 1194 1205 V.—V1H,
1220 1154 1348 1221 (sive
1370 1154 1423 1201 hi
1447 1155 1678 1203 volumen
1701 1171 1920 1204 seorsum

226 1232 536 1293 compactum
585 1231 846 1279 effecerant
892 1232 995 1279 sive
1043 1245 1154 1278 cum
1199 1228 1446 1291 prioribus
1491 1228 1631 1278 libris
1671 1231 1922 1279 coniuncti

226 1299 390 1370 erant)
422 1303 687 1367 perierunt.
746 1304 906 1353 Codex
936 1304 1011 1353 ita
1041 1304 1303 1352 mutilatus
1334 1305 1645 1352 vetustorum
1675 1303 1919 1352 librorum

227 1378 477 1440 exemplar
498 1379 611 1440 fuit,
635 1379 723 1442 qui
748 1381 1096 1428 cum-veterem
1119 1379 1417 1440 scripturam
1442 1393 1634 1426 summa
1658 1377 1920 1442 diligentia

225 1453 468 1501 intactam
491 1454 811 1515 servaverint,
835 1453 886 1500 in
909 1452 1219 1502 recensendis
1243 1451 1382 1500 libris
1404 1451 1623 1513 I.—IV.,
1657 1467 1781 1514 quos
1807 1468 1918 1502 con-

225 1528 409 1588 tinent,
455 1528 613 1575 multo
652 1529 832 1575 maiori
869 1527 1081 1576 utilitati
1120 1529 1238 1575 sunt
1277 1542 1425 1588 quam
1458 1526 1648 1574 codices
1686 1530 1921 1587 recenteS‚

227 1602 314 1663 qui
345 1617 647 1663 quamquam
681 1618 738 1650 ex
762 1603 1031 1664 archetypo
1055 1601 1214 1649 multo
1238 1601 1508 1664 integriore
1534 1599 1769 1663 descripti
1791 1603 1923 1662 sunt,

225 1677 393 1723 tamen
425 1690 536 1723 cum
567 1676 879 1740 neglegentia
911 1676 1206 1738 scriptorum
1229 1677 1340 1723 tum
1364 1676 1693 1723 correctorum
1717 1674 1921 1723 libidine

225 1749 599 1812 pessumdatum
629 1752 821 1798 textum
850 1750 1093 1799 exhibent.
1144 1749 1286 1796 Unde
1319 1748 1655 1797 concludimus
1687 1749 1920 1797 lectiones
1997 1773 2008 1785 ·

227 1823 428 1885 quidem
458 1823 787 1872 recentiorum
819 1825 1043 1872 codicum
1068 1840 1098 1873 a
1119 1826 1284 1872 vetere
1316 1823 1554 1870 memoria
1586 1822 1920 1885 discrepantes

226 1898 520 1959 plerumque
559 1898 862 1959 afficiendas,
901 1897 1242 1946 additamenta
1281 1898 1449 1945 autem
1481 1890 1771 1962 (diligenter
1802 1913 1920 1946 sane

227 1965 534 2039 examinata)
566 1972 852 2034 accipienda
884 1987 1000 2021 esse.

300 2045 595 2109 Priusquam
636 2047 700 2094 ad
738 2047 960 2110 singulos
1000 2046 1187 2094 codices
1226 2046 1521 2092 recentiores
1562 2044 1920 2093 enumerandos

226 2121 558 2181 transeamus,
602 2120 660 2168 de
699 2121 877 2169 lacuna
915 2121 968 2167 in
1005 2120 1132 2168 libro
1175 2119 1239 2167 II.
1272 2118 1418 2167 obvia
1457 2117 1791 2166 disserendum
1830 2121 1918 2167 est.

227 2194 301 2240 Ex
346 2194 587 2243 laterculo
637 2194 989 2257 capitulorum,
1046 2193 1130 2256 qui
1185 2209 1242 2241 ex
1289 2191 1624 2254 compluribus
1671 2192 1920 2241 codicibus

226 2267 321 2316 vol.
355 2268 379 2314 Ι
411 2286 457 2330 p.
482 2268 695 2316 IX—XI
728 2268 889 2317 editus
924 2271 1019 2328 est,
1059 2266 1370 2331 cognoscitur
1408 2266 1460 2313 in
1490 2265 1739 2315 veteribus
1777 2266 1918 2316 libris

227 2341 348 2389 haec
395 2344 503 2389 tota
549 2343 770 2404 capitula
817 2342 1074 2391 excidisse:
1146 2341 1280 2389 VIII.
1326 2341 1404 2388 De
1441 2341 1614 2399 formis
1653 2340 1917 2389 stellarum.

227 2415 310 2462 IX.
351 2417 429 2463 De
459 2421 566 2464 ortu
597 2417 859 2465 stellarum.
922 2417 979 2465 X.
1019 2417 1096 2464 De
1126 2416 1279 2462 Luna
1310 2414 1425 2473 quid
1455 2415 1534 2462 cui
1569 2418 1698 2461 astro
1729 2429 1780 2462 se
1809 2416 1920 2462 iun-

224 2504 376 2549 yuens
399 2491 647 2551 siqniftcet.
690 2491 771 2539 XI.
797 2492 874 2538 De
896 2491 1045 2538 stellis
1061 2490 1253 2550 quando
1277 2489 1375 2535 sint
1388 2488 1667 2536 matutinae.
1708 2487 1817 2536 XII.
1842 2489 1919 2536 Dc

227 2565 511 2611 scematibus
552 2566 814 2612 stellarum.
891 2563 1027 2612 XIII.
1075 2564 1152 2611 De
1193 2562 1407 2610 moribus
1451 2562 1701 2609 stellarum
1745 2564 1788 2608 et
1827 2577 1919 2622 quo

230 2640 434 2696 tempore
465 2653 587 2698 quas
618 2640 745 2686 vires
775 2638 995 2686 habeant.
1045 2636 1178 2684 XIV.
1210 2637 1286 2683 De
1310 2635 1458 2683 stellis
1481 2636 1675 2695 quando
1697 2635 1796 2683 sint
1816 2651 1918 2684 ma-

230 2713 413 2759 tutinae
436 2712 628 2771 quando
660 2713 970 2772 vespertinae.
1020 2711 1281 2759 Praeterea
1306 2708 1514 2770 capituli
1530 2708 1640 2758 VII.
1672 2709 1749 2756 De
1772 2710 1920 2758 stellis

230 2798 354 2843 quae
375 2800 470 2844 per
500 2786 626 2833 diem
651 2800 779 2845 ‚quae
802 2801 895 2845 per
925 2789 1106 2833 noctem
1129 2783 1379 2844 ¹qaudeamt
1399 2797 1514 2844 pars
1539 2783 1754 2830 extrema
1780 2776 1919 2847 (nam

230 2872 355 2919 quae
396 2859 527 2919 apud
567 2874 655 2907 nos
693 2876 740 2921 p.
776 2861 842 2907 49
863 2876 1001 2908 7-—13
1041 2859 1274 2922 leguntur
1310 2856 1458 2903 huius
1498 2855 1674 2917 capitis
1716 2855 1918 2905 initium

231 2946 334 2979 esse
374 2934 603 2994 apparet,
642 2932 759 2980 licet
797 2932 985 2981 codices
1025 2931 1160 2979 aliud
1200 2931 1381 2978 lemma
1421 2930 1497 2977 De
1530 2930 1780 2978 stellarum
1811 2944 1918 2979 con-
