2066 3192
801 160 843 204 V
875 165 916 215 3,
944 172 1102 204 86—31.
1729 158 1799 210 39

112 281 373 352 longaevi,
427 284 480 334 et
534 281 727 349 quibus
783 299 838 333 se
890 280 1038 333 tarde
1091 279 1317 332 felicitas
1370 279 1621 333 conferat.
1699 277 1802 332 Sed

113 359 243 410 tunc
272 354 523 423 †lucebit
555 355 601 407 si
627 353 888 408 Saturnus
918 373 1028 408 non
1051 354 1214 407 fuerit
1238 355 1514 424 geniturae
1539 353 1801 406 dominus,

226 427 565 498 [Saturnus
605 429 669 481 in
707 428 936 494 Libra]
993 426 1307 496 Quicunque
1345 429 1402 481 in
1434 428 1680 497 genitura
1713 426 1800 480 Sa·
1820 425 1890 478 29

114 507 331 556 turnum
362 502 649 556 habuerint
680 503 735 554 in
760 502 921 555 Libra
951 501 1319 555 benivolarum
1353 504 1626 555 stellarum
1657 502 1803 554 testi-

69 598 88 631 5
113 577 308 631 moniis
362 576 693 646 adornatum,
745 577 1020 629 habebunt
1072 576 1305 628 maxima
1356 576 1592 629 subsidia
1639 576 1802 630 facul-

113 655 300 704 tatum.
371 649 570 713 Quodsi
609 651 783 704 nudus
825 650 1082 704 Saturnus
1121 650 1488 703 benivolarum
1529 652 1803 703 stellarum

112 725 420 779 testimonio
460 725 637 794 fuerit,
679 725 888 778 nullum
926 728 1180 794 poterunt
1217 724 1414 778 habere
1453 725 1594 777 vitae
1634 723 1803 776 subsi-

114 800 274 852 dium.
349 799 453 852 Sed
492 802 546 852 et
585 799 840 868 quicquid
879 799 1150 852 consecuti
1188 799 1388 851 fuerint
1425 798 1510 851 vel
1549 817 1580 850 a
1618 817 1803 868 paren-

113 874 261 926 tibus
299 875 384 927 vel
423 873 488 925 ab
530 874 663 942 aliis,
702 874 848 926 facili
882 873 1089 926 ratione
1122 873 1422 942 deperdent.
1494 872 1697 936 Quodsi
1728 873 1804 925 sic

47 970 89 1001 ιο
114 948 348 1017 positum
399 947 686 1000 Saturnum
741 947 995 1000 malivola
1049 949 1206 1001 stella
1258 947 1454 1001 minaci
1508 947 1804 1000 radiatione

114 1022 430 1091 respexerit,
491 1040 611 1075 cum
675 1021 1113 1092 praecedentibus
1178 1021 1333 1074 malis
1398 1022 1556 1074 etiam
1621 1021 1804 1092 gravia

115 1096 422 1150 discrimina
461 1097 829 1149 decernuntur.
899 1096 1003 1149 Sed
1040 1099 1169 1149 tunc
1202 1099 1358 1148 erunt
1388 1096 1636 1167 graviora
1668 1097 1804 1164 peri-

115 1170 248 1239 cula,
282 1189 401 1223 cum
435 1170 783 1223 ebdomaticis
815 1172 902 1223 vel
932 1171 1221 1223 enneaticis
1254 1170 1407 1223 annis
1438 1171 1639 1223 fuerint
1670 1170 1803 1238 peri·

114 1245 256 1314 cula,
306 1248 368 1297 ut
414 1245 478 1298 ab
526 1245 610 1298 his
659 1244 974 1298 difficillime
1018 1244 1325 1297 liberentur.
1402 1244 1580 1298 Erunt
1624 1248 1806 1296 tamen
1821 1244 1892 1297 30

47 1341 90 1374 ιε
114 1321 170 1372 in
223 1320 388 1372 tantis
443 1320 720 1389 angustiis,
774 1322 836 1371 ut
884 1319 950 1372 ab
1006 1319 1124 1371 aliis
1180 1322 1437 1388 quaerant
1484 1319 1805 1372 cottidianae

114 1394 255 1447 vitae
294 1393 554 1462 subsidia,
600 1397 654 1446 et
692 1397 821 1446 tunc
859 1393 1155 1464 ignominia
1192 1397 1322 1446 tunc
1360 1395 1638 1464 angustiae
1678 1396 1806 1445 tunc

115 1469 285 1521 omnis
334 1468 748 1521 infortuniorum
795 1469 1068 1520 calamitas
1108 1468 1346 1521 infertur.
1426 1466 1483 1520 Si
1521 1486 1647 1521 vero
1688 1468 1803 1537 ipso

114 1546 351 1611 tempore
409 1560 513 1611 quo
570 1543 851 1595 imminent
904 1542 1155 1611 pericula,
1210 1546 1474 1612 oportuna
1529 1542 1805 1613 geniturae

113 1616 231 1670 loca
269 1617 517 1670 benivola
557 1619 712 1670 stella
747 1617 1066 1685 possederit,
1111 1616 1216 1686 [ut]
1259 1617 1324 1669 ab
1366 1617 1512 1669 omni
1551 1617 1774 1670 infortu-
1792 1627 1987 1671 fot-⁶1⁰1!

2 1710 17 1766 ᾗ
48 1711 93 1744 20
117 1691 329 1744 niorum
361 1691 595 1760 pondere
627 1691 984 1744 sublevantur.
1048 1689 1151 1743 Sed
1184 1694 1236 1744 et
1268 1691 1523 1759 quicquid
1554 1691 1610 1743 in
1632 1691 1807 1760 prima

0 1769 10 1828 ἐ
115 1768 287 1818 aetate
328 1766 599 1819 consecuti
638 1765 854 1834 fuerint,
885 1766 1092 1819 miseris
1130 1765 1543 1819 lacerationibus
1583 1765 1806 1834 dissipa-

8 1851 10 1854 ’
115 1843 217 1908 tur,
254 1839 567 1908 praesertim
610 1857 731 1893 cum
765 1838 952 1892 Cancri
992 1839 1205 1908 signum
1239 1838 1501 1892 Saturnus
1536 1839 1699 1892 fuerit
1729 1839 1805 1891 in-

116 1932 342 1984 gressus.
420 1913 570 1966 Tunc
624 1915 764 1966 enim
818 1915 874 1967 in
929 1913 1336 1966 difficultatibus
1390 1914 1447 1966 in
1494 1914 1701 1966 damnis
1750 1914 1806 1966 in

116 1988 547 2041 accusationibus
610 1989 664 2040 in
726 1987 1152 2058 aegritudinibus
1214 1989 1270 2039 in
1326 1988 1581 2042 custodiis
1635 1991 1803 2041 erunt.

0 2101 14 2130 ,.-
50 2082 91 2115 25
118 2060 251 2114 Cum
285 2062 546 2115 Saturnus
586 2062 642 2114 in
681 2063 869 2115 dextro
910 2062 1168 2130 quadrato
1206 2062 1372 2114 fuerit
1410 2063 1674 2129 inventuS,
1714 2061 1806 2114 sed
1822 2062 1889 2114 31

0 2190 6 2199 ,
116 2139 168 2188 et
208 2154 328 2188 cum
369 2137 693 2205 principales
740 2136 1015 2206 geniturae
1063 2136 1301 2189 cardines
1341 2135 1601 2189 Saturnus
1640 2136 1803 2188 fuerit

0 2226 13 2322 ἰ
115 2210 408 2279 ingressuS,
477 2214 606 2263 tunc
676 2211 1013 2263 omnifariam
1083 2211 1321 2262 omnium
1385 2211 1803 2264 infortuniorum

117 2284 352 2337 decernit
398 2284 758 2350 incommoda,
808 2288 934 2336 tunc
981 2285 1400 2353 proscriptiones
1448 2288 1575 2337 tunc
1612 2286 1805 2338 lacera-

0 2324 13 2411 ξ’
116 2358 286 2410 tiones
336 2359 779 2427 patrimoniorum
832 2363 1007 2427 erunt,
1057 2362 1187 2411 tunc
1236 2359 1594 2412 mendicitatis
1646 2377 1803 2412 onere

48 2453 92 2485 ao
117 2432 499 2501 deprimuntur,
538 2436 665 2485 tunc
698 2431 959 2485 Saturnus
992 2433 1302 2502 parentibus
1336 2433 1544 2486 dolores
1577 2451 1641 2485 ex
1672 2434 1804 2486 filio-

236 2612 261 2650 2
294 2609 407 2652 tunc
441 2607 543 2666 <eis
576 2607 868 2653 substantiae
899 2607 1174 2652 facultatem
1207 2607 1483 2666 acquirere>
1516 2607 1678 2651 licebit
1709 2624 1736 2650 κ

118 2670 144 2708 3
178 2667 336 2710 lemma
368 2680 452 2710 om.
485 2669 524 2710 Δ
625 2672 652 2709 4
684 2666 934 2711 habuerint
964 2681 1048 2712 om.
1075 2670 1114 2711 Δ
1220 2672 1245 2710 6
1278 2666 1502 2710 Saturnus
1539 2668 1604 2724 Γ]
1638 2666 1698 2710 ab
1729 2666 1802 2710 his

118 2726 166 2768 et
188 2725 319 2768 nulla
342 2725 551 2781 maligna
577 2728 616 2769 Δ
705 2730 758 2769 10
782 2725 1001 2770 malivola
1022 2726 1101 2784 1³³]
1127 2725 1342 2770 benivola
1432 2731 1484 2769 12
1512 2725 1601 2770 Sed
1628 2727 1675 2769 et
1702 2728 1748 2770 Γ

119 2787 173 2828 13
205 2784 415 2840 pericula
446 2785 528 2828 del.
554 2800 582 2827 a
686 2789 739 2829 18
773 2788 1036 2842 opportuna
1058 2785 1116 2843 N]
1141 2787 1429 2841 opportunae
1535 2789 1587 2828 19
1620 2786 1701 2829 del.
1729 2802 1756 2828 κ
1794 2799 1795 2816 ³

118 2843 324 2886 omnium
356 2846 395 2887 A
497 2847 552 2886 20
586 2843 884 2888 subleventur
916 2847 956 2888 A
1055 2850 1108 2887 21
1144 2844 1432 2900 dissipantur
1464 2847 1503 2888 A
1596 2849 1650 2887 22
1685 2843 1802 2887 Can-

123 2915 250 2944 crum
275 2905 314 2946 A
400 2907 457 2945 24
481 2904 570 2960 leye
596 2903 802 2947 custodis
826 2906 1016 2960 itemque
1039 2918 1078 2948 v.
1098 2908 1170 2956 40,
1198 2916 1214 2945 1
1239 2903 1502 2958 infortunis‚
1528 2908 1600 2958 40,
1628 2915 1668 2947 12
1691 2917 1799 2947 con-

119 2960 192 3003 sili
225 2962 284 3004 al.
378 2966 431 3004 27
466 2960 714 3010 omnifaria
749 2965 795 3007 Γ
881 2968 935 3007 29
967 2962 1234 3019 patrimonii
1269 2965 1307 3007 Δ
