2038 3162
749 128 1107 174 PRAEFATIO.
1630 128 1779 173 XXXI

78 272 326 332 hesperias
358 308 370 319 .
407 308 416 317 .
452 308 461 318 .
501 272 573 320 ita
618 285 692 320 me
738 271 975 320 barbaros
1020 270 1367 331 spoliaturum,
1413 271 1480 319 ad
1520 274 1781 320 extremam

81 347 359 408 scytharum
398 346 547 404 fecem
585 346 783 394 devexit.
829 345 915 393 ubi
953 345 1177 394 detrusus
1222 346 1278 393 in
1323 359 1563 394 carcerem
1604 347 1780 406 yottica

77 422 271 482 feri-tate
299 419 551 468 Firmicus
584 420 819 468 latitabat.
851 420 975 467 veni.
1008 420 1125 468 vidi.
1160 422 1202 468 et
1231 420 1338 468 vici.
1368 434 1645 480 mecumque
1679 422 1779 468 tam

70 494 391 555 praeclarum
422 496 651 550 comitem,
684 495 781 542 tuis
811 494 970 542 radiis
994 496 1138 550 tutuS,
1169 495 1224 541 in
1245 495 1470 554 patriam
1493 494 1701 543 deduxi.
1730 532 1740 541 .
1767 531 1777 542 .

77 583 176 616 non
193 582 356 629 parvo
380 564 557 617 labore.
574 582 736 628 opera.
759 568 1022 623 industria,
1047 570 1366 628 vaframento
1382 568 1615 627 periculo.
1642 569 1778 616 lucu·

79 643 312 700 bratione,
343 642 410 690 ad
439 657 640 703 superos
665 643 920 691 deductum
944 643 1005 690 ab
1030 643 1202 702 inferis
1226 643 1500 690 Firmicum
1521 644 1776 703 integrum.

81 717 399 765 emendatum.
433 721 640 774 tersum,
669 717 880 777 politum
905 754 915 764 .
941 754 951 763 .
979 754 989 764 .
1021 718 1075 764 in
1106 731 1300 765 sacram
1332 717 1559 765 litterarii
1590 718 1777 765 ordinis

79 807 224 840 aram
248 829 259 839 .
286 831 295 840 .
323 828 334 840 .
367 793 608 839 communi
637 792 852 852 utilitati,
875 792 1216 851 platonicoque
1246 793 1362 839 usui
1393 792 1570 839 dedico.
1617 790 1776 839 Disci-

80 881 191 914 mus
222 865 548 914 Pescennium
585 865 905 914 Franciscum
936 865 1149 929 Nigrum
1180 866 1522 914 Ravennatem
1560 865 1622 913 ab
1653 865 1776 928 Hip-

78 940 255 1003 polyto
296 940 494 989 Estensi
533 939 596 987 ad
635 939 995 1002 conquirendos
1043 940 1234 988 codices
1280 940 1334 987 in
1372 940 1626 1003 Europam
1669 955 1777 1003 sep-

78 1015 433 1063 tentrionalem
445 1008 488 1080 1>
535 1014 741 1062 missum
787 1014 972 1062 librum
1019 1015 1237 1076 aliquem
1282 1014 1488 1063 Firmici
1541 1014 1777 1077 adeptum

80 1104 206 1151 esse,
255 1090 344 1152 qui
383 1088 616 1137 editionis
655 1089 870 1136 Aldinae
902 1089 1155 1152 exemplar
1185 1089 1348 1136 factus
1379 1090 1467 1137 est.
1531 1087 1637 1144 Quo
1668 1089 1776 1137 loco

79 1179 194 1212 eum
226 1163 445 1211 codicem
477 1162 791 1226 adquisierit,
834 1162 1037 1212 difficile
1078 1163 1228 1213 dictu.
1286 1162 1382 1211 Sed
1414 1163 1578 1225 qualis
1610 1163 1776 1225 fuerit,

78 1253 135 1286 ex
158 1239 271 1300 ipsa
294 1237 478 1286 Aldina
501 1237 624 1286 satis
650 1240 882 1300 apparet:
906 1237 1005 1285 fuit
1028 1236 1200 1300 stirpis
1223 1238 1281 1286 P
1297 1237 1549 1300 exemplar
1572 1238 1774 1286 minime

76 1312 286 1376 insigne,
317 1311 451 1374 quod
481 1311 559 1360 his
590 1312 713 1361 locis
744 1311 984 1375 probetur
1007 1305 1270 1379 (quoniam
1295 1315 1515 1360 ceterum
1539 1328 1598 1360 ex
1623 1328 1655 1360 a
1678 1312 1777 1361 nisi

77 1387 447 1435 emendationes
478 1386 607 1434 nihil
639 1380 1003 1453 attulerimus)-

153 1466 210 1505 54
226 1473 247 1506 3
285 1461 447 1507 Omnes
462 1487 518 1493 —
537 1473 557 1506 5
580 1462 755 1516 fuerint
779 1475 868 1505 om.
895 1466 1015 1508 (εἱ-8
1039 1475 1128 1506 0111.
1146 1463 1201 1519 V)
1262 1461 1306 1505 II
1330 1465 1386 1505 33
1405 1474 1423 1505 7
1449 1459 1702 1507 Satwrnum
1720 1487 1774 1494 --

75 1521 349 1579 yenitwram]
384 1521 644 1565 Lunam—
589 1543 645 1557 =
666 1523 713 1564 Γ
780 1525 836 1565 35
854 1533 896 1566 18
926 1521 987 1579 si]
1018 1522 1186 1566 nisi—
1130 1543 1185 1549 -
1209 1523 1256 1565 Γ
1325 1526 1381 1565 38
1400 1533 1442 1566 13
1473 1522 1588 1580 ipse]
1621 1523 1773 1578 ipsum

73 1582 329 1638 siynum—
273 1602 330 1618 =
346 1583 386 1623 Δ
479 1585 536 1625 40
555 1593 596 1624 23
627 1581 806 1635 fuerint
834 1581 1010 1625 inventi
1028 1602 1083 1617 =
1100 1583 1140 1624 Δ
1241 1585 1296 1624 53
1315 1593 1359 1625 24
1386 1581 1641 1637 proderunt
1658 1603 1712 1618 =
1732 1583 1772 1624 Δ

78 1644 132 1683 76
150 1654 191 1685 11
230 1639 319 1685 Sed
342 1666 398 1674 —
424 1653 465 1684 12
497 1640 695 1685 decernit
733 1654 821 1684 0111
841 1662 895 1677 =
919 1642 966 1684 Γ
1110 1644 1165 1684 89
1185 1653 1226 1684 12
1266 1643 1587 1685 causationum
1613 1662 1669 1678 =
1695 1644 1774 1683 AB

78 1703 162 1743 162
180 1711 221 1744 15
253 1700 415 1758 Luna]
451 1700 600 1744 Venus
624 1715 665 1755 a,
698 1713 787 1743 om.
817 1702 864 1743 Γ
921 1703 1003 1743 167
1023 1711 1044 1744 3
1067 1699 1306 1756 partiliter
1322 1722 1378 1736 =
1399 1702 1447 1744 Γ
1504 1704 1588 1744 170
1607 1713 1650 1745 18
1672 1715 1773 1745 car-

75 1759 237 1804 dinum
254 1781 310 1796 =
327 1763 406 1801 BG
468 1764 551 1803 173
570 1772 612 1804 21
643 1760 696 1802 in
734 1760 886 1804 Tawro
910 1759 1133 1815 ditropico
1164 1761 1294 1817 siyno
1312 1781 1368 1796 =
1389 1762 1437 1803 Γ
1492 1764 1575 1803 211
1595 1772 1639 1803 30
1670 1775 1774 1805 con-

74 1819 322 1877 iunyentur
338 1841 394 1855 =
411 1822 492 1861 AB
569 1823 653 1862 212
673 1831 713 1864 17
747 1819 956 1878 Lunam]
987 1821 1161 1864 stellam
1179 1841 1234 1856 =
1251 1823 1332 1862 AB
1409 1823 1494 1862 218
1514 1833 1555 1864 12
1580 1819 1772 1878 tempus]

74 1884 311 1934 conceptus
328 1900 384 1915 =
401 1881 481 1920 AB
559 1882 643 1922 219
663 1891 706 1923 10
736 1880 790 1923 in
818 1879 1056 1934 femininis
1073 1905 1129 1911 —
1148 1892 1189 1923 12
1220 1879 1464 1936 horoscopo
1498 1893 1584 1923 om.
1606 1901 1660 1916 =
1679 1878 1774 1921 A‘B

75 1941 162 1981 220
179 1951 220 1982 22
258 1939 426 1992 infelix
449 1963 505 1970 —
530 1950 575 1982 24
611 1939 822 1983 inventus
861 1951 948 1982 om.
975 1960 1032 1975 ==
1061 1940 1108 1982 Γ
1205 1943 1289 1981 221
1310 1950 1351 1982 13
1392 1940 1531 1983 Mars
1568 1939 1621 1983 in
1647 1960 1703 1975 =
1734 1941 1780 1982 Γ

76 2001 162 2039 224
179 2009 221 2041 23
252 1998 458 2054 aprocoti
479 2013 507 2039 a.
538 1998 756 2054 apocropi
782 2000 830 2041 Γ
855 1999 1065 2055 (apocopi
1087 1999 1146 2054 A)
1231 2002 1314 2041 227
1328 2010 1371 2042 28
1400 2012 1549 2043 servos
1567 2024 1622 2030 —-
1642 1999 1774 2043 collo-

74 2057 190 2101 catis
219 2056 385 2101 inserit
403 2078 457 2092 =
475 2055 569 2099 A'B
655 2061 740 2100 273
759 2069 803 2101 24
832 2058 1119 2115 cyppahapis
1134 2079 1190 2094 =
1213 2059 1259 2101 Γ
1339 2061 1424 2101 276
1444 2069 1485 2102 15
1516 2059 1568 2102 in
1585 2083 1641 2090 —
1661 2070 1703 2102 16
1735 2063 1776 2102 et

76 2129 164 2159 om.
197 2131 238 2171 a,
272 2127 314 2160 15
345 2117 630 2161 cinaedos—
649 2129 691 2160 16
723 2119 988 2161 constitutos
1019 2130 1108 2161 om.
1141 2121 1179 2159 A
1271 2121 1357 2160 314
1376 2129 1417 2161 16
1441 2117 1631 2185 partus]
1656 2131 1773 2174 pais

76 2197 131 2212 =
148 2173 198 2218 A‘
286 2179 371 2219 316
390 2187 431 2219 2¹1
463 2177 740 2232 impuros—
684 2206 740 2212 —-
762 2177 809 2219 Γ
886 2180 970 2219 317
991 2188 1032 2221 13
1064 2182 1106 2221 et
1135 2177 1212 2220 cui
1229 2201 1284 2208 —
1301 2176 1509 2235 insignia
1540 2191 1629 2220 om.
1648 2198 1704 2213 =
1722 2175 1774 2219 A'

76 2238 162 2278 318
179 2247 199 2278 9
231 2234 419 2293 araneo]
451 2239 657 2280 terraneo
689 2250 730 2290 a,
762 2239 920 2280 traneo
952 2239 990 2278 A
1104 2240 1189 2280 324
1206 2247 1248 2280 25
1271 2236 1548 2294 popularia]
1573 2236 1774 2292 pulchra

76 2315 132 2331 =
149 2293 254 2336 Al)²
314 2299 398 2337 327
418 2308 437 2339 1
468 2296 724 2340 cauculo-sis
740 2316 796 2331 =
815 2299 850 2337 G
912 2299 997 2338 336
1015 2307 1057 2339 23
1082 2298 1350 2351 pistores—
1295 2325 1351 2332 —
1370 2299 1452 2338 GN
1514 2300 1599 2340 342
1619 2310 1636 2340 1
1670 2309 1772 2340 con·

0 2399 4 2403 ,
74 2353 319 2411 fingent—
264 2384 319 2390 -
336 2358 374 2396 A
462 2358 547 2398 346
566 2366 608 2398 18
638 2354 1039 2399 mediocritatis—
983 2376 1039 2392 =
1056 2353 1122 2398 A'.

0 2498 4 2504 ,
151 2447 247 2513 Sed
294 2450 519 2513 exempla
563 2450 710 2499 facile
757 2450 1082 2512 multiplicari
1132 2453 1354 2513 possunt.
1426 2451 1565 2498 Tulit
1614 2451 1773 2514 igitur

0 2518 6 2546 ·‘
76 2538 241 2572 secum
278 2525 331 2572 in
370 2524 586 2587 patriam
628 2523 855 2588 egregius
894 2525 979 2571 ille
1012 2525 1308 2574 Pescennius
1339 2525 1496 2588 Niger
1526 2542 1682 2573 unum
1715 2541 1771 2573 ex

0 2614 3 2639 ῑ
74 2598 137 2645 iis
162 2597 428 2659 codicibus,
454 2614 575 2660 quos
601 2600 733 2647 circa
757 2615 941 2647 annum
965 2601 1104 2648 1470
1128 2601 1181 2647 111
1209 2596 1447 2647 ‘extrema
1474 2599 1772 2661 Scytharum

7 2671 10 2674 ⁴
75 2668 230 2721 faece’
256 2672 354 2734 ipsi
386 2671 587 2720 barbari
611 2671 777 2721 Gotici
800 2675 844 2722 si
867 2674 996 2721 forte
1021 2690 1119 2722 non
1146 2675 1541 2736 conscripserant
1565 2677 1618 2721 at
1642 2677 1771 2722 certe

152 2835 194 2890 1)
226 2834 451 2879 Fenniam
490 2849 595 2879 eum
634 2837 682 2880 et
721 2835 1080 2880 Scandinaviam
1119 2837 1272 2882 adisse
1313 2837 1450 2881 docet
1484 2837 1768 2892 Tiraboschi‚

3 2911 6 2913 ·
77 2891 230 2938 Storia
254 2893 379 2938 dena
405 2894 683 2939 letteratura
713 2895 928 2951 Italiana,
961 2896 1072 2941 edit.
1099 2896 1263 2940 Mutin.
1284 2896 1390 2940 VIII
1414 2901 1470 2940 93
1503 2897 1630 2954 (Sittl
1655 2898 1770 2940 ALL

0 2958 18 3018 -j-
75 2950 139 2995 1v
164 2952 305 3011 611⁸).
