2084 3192
257 167 365 220 266
990 167 1217 212 FIRMICI

255 287 518 340 Mercurio
574 289 630 341 in
678 287 794 340 VII.
836 289 907 340 sit
959 288 1024 340 ab
1080 289 1380 358 horoscopo
1434 289 1553 341 loco
1607 289 1945 358 constitutae,

256 362 449 415 stultos
487 362 661 414 lentos
699 363 879 416 fatuos
926 363 1152 415 caducos
1201 362 1453 415 efficiunt.
1532 361 1636 415 Sed
1675 366 1728 416 et
1777 364 1823 415 si
1861 363 1944 416 his

256 437 332 489 sic
378 436 636 488 ordinatis
684 437 739 488 in
786 437 966 505 aliquo
1015 437 1226 489 cardine
1273 436 1416 488 Mars
1466 437 1629 488 fuerit
1682 437 1945 503 inventus,

165 511 237 562 24
253 511 431 563 fatuos
472 510 696 563 caducos
736 511 829 563 sed
870 510 1210 563 biothanatos
1251 510 1506 563 efficiunt.
1586 510 1644 562 Si
1684 510 1943 565 Saturnus

253 585 310 636 in
348 582 441 636 III.
481 584 567 636 vel
612 583 668 635 in
705 583 795 636 IX.
836 584 904 635 ab
953 585 1254 653 horoscopo
1304 585 1422 636 1000
1470 584 1632 636 fuerit
1679 585 1942 654 inventus,
1989 607 2009 640 ε

253 662 306 711 et
368 677 488 711 eum
542 657 686 709 Mars
741 659 998 726 quadrata
1051 659 1346 711 radiatione
1399 659 1672 727 respiciat,
1734 660 1942 728 magnis

84 744 261 789 sol-⁹7²³!
280 733 439 785 rebus
471 733 557 784 vel
587 733 795 801 magnis
829 733 1036 785 actibus
1059 733 1257 785 facient
1280 733 1629 801 praepositOS‚
1663 733 1754 785 sed
1778 733 1943 801 patri—

250 806 490 859 monium
538 807 912 874 quodcumque
959 806 1023 858 ab
1073 807 1203 874 ipsis
1251 808 1535 859 collectum
1581 806 1744 859 fuerit
1791 807 1943 860 dissi-

250 884 423 950 patur.
493 879 782 932 Habebunt
815 881 975 933 etiam
1005 882 1264 932 maximas
1298 881 1633 949 valitudines,
1673 883 1726 933 et
1756 882 1941 934 multis

251 955 406 1007 malis
446 955 503 1007 in
533 955 825 1024 peregrinis
859 955 1141 1008 constituti
1174 954 1308 1006 locis
1341 954 1668 1024 obligantur3
1709 973 1941 1022 quorun-
1966 979 2009 1010 ιο

253 1030 374 1081 dam
423 1032 670 1097 parentes
717 1032 1001 1097 patresque
1049 1028 1347 1095 debilitant,
1397 1032 1488 1080 aut
1543 1033 1684 1081 certe
1738 1029 1942 1082 faciunt

250 1103 595 1170 biothanatos
658 1102 888 1155 interire.
984 1102 1041 1155 Si
1102 1121 1227 1154 vero
1293 1102 1586 1155 Mercurius
1649 1121 1771 1155 cum
1831 1121 1938 1155 uno

249 1178 489 1246 ipsorum
535 1177 697 1229 fuerit
742 1178 1013 1246 inventus,
1067 1180 1120 1228 et
1165 1176 1316 1229 Luna
1371 1181 1463 1228 aut
1509 1195 1629 1229 cum
1677 1177 1806 1246 ipsis
1855 1178 1942 1246 sit,

251 1255 343 1304 aut
397 1269 486 1303 eos
542 1250 798 1320 quadrata
857 1251 943 1303 vel
1004 1251 1263 1303 diametra
1323 1251 1620 1304 radiatione
1673 1252 1941 1320 respiciat,

251 1325 535 1394 sacrilegos
584 1324 901 1393 spoliatores
948 1324 1271 1393 templorum
1317 1325 1588 1377 latronum
1636 1324 1795 1379 duces
1846 1325 1940 1378 ho·
1968 1348 2006 1381 15

159 1400 231 1452 25
250 1399 469 1452 micidas
517 1399 609 1452 sed
654 1398 794 1450 mala
847 1399 1006 1452 faciet
1052 1403 1223 1452 morte
1271 1402 1566 1466 pereuntes.
1644 1398 1702 1452 Si
1748 1398 1843 1452 Sol
1887 1403 1942 1451 et

251 1473 511 1526 Saturnus
551 1476 604 1525 et
643 1473 937 1526 Mercurius
978 1473 1034 1524 in
1071 1472 1187 1525 MC.
1227 1474 1428 1525 fuerint
1466 1474 1692 1536 inventi,
1731 1491 1939 1527 accusa-

248 1547 410 1600 tionis
463 1547 699 1616 pericula
746 1566 810 1599 ex
860 1548 1187 1601 absconditis
1239 1548 1436 1600 litteris
1487 1548 1694 1600 faciunt
1739 1548 1939 1615 inferri,

248 1625 342 1674 aut
381 1641 446 1675 ex
483 1621 688 1673 falsatis
727 1622 955 1689 publicis
994 1621 1211 1689 litteris,
1258 1625 1349 1674 aut
1398 1639 1462 1673 ex
1501 1621 1812 1674 adulteratis
1852 1640 1939 1690 pe-

251 1696 433 1748 cuniis.
513 1694 570 1747 Si
608 1714 732 1747 vero
779 1696 878 1748 hos
917 1695 1059 1747 Mars
1109 1695 1366 1764 quadrata
1411 1700 1504 1748 aut
1553 1695 1809 1748 diametra
1858 1715 1937 1748 ra-
1961 1719 2005 1750 πο

249 1769 482 1821 diatione
519 1770 835 1838 respexerit,
890 1773 982 1821 aut
1030 1771 1075 1821 si
1115 1788 1235 1822 cum
1287 1770 1418 1838 ipsis
1464 1770 1626 1822 fuerit
1674 1771 1937 1839 inventus,

245 1846 481 1896 latrones
505 1843 816 1909 homicidaS‚
841 1844 1022 1896 exules
1047 1848 1228 1896 tamen
1258 1843 1622 1913 fugitivosque
1644 1843 1935 1911 perficient.

159 1918 230 1971 26
251 1917 306 1970 Si
346 1935 470 1969 vero
510 1917 595 1970 his
629 1918 704 1971 sic
736 1917 994 1970 ordinatis
1034 1917 1277 1986 Iuppiter
1309 1918 1366 1969 in
1397 1918 1501 1969 alio
1536 1918 1745 1970 cardine
1775 1917 1938 1970 fuerit

247 1993 495 2044 inventus
504 2035 518 2061 ,
564 1997 690 2060 post
734 1996 944 2061 tempus
991 2011 1056 2044 ex
1103 1992 1221 2044 istis
1269 1992 1660 2045 calamitatibus
1709 1991 1937 2060 liberati,

247 2066 314 2117 ad
353 2084 578 2134 magnae
627 2067 909 2135 potestatis
957 2067 1185 2136 gratiam
1233 2065 1634 2118 transferentur.
1714 2064 1772 2118 Si
1814 2084 1935 2118 vero
1960 2087 2002 2119 25

247 2139 398 2192 Luna
445 2140 522 2192 sic
567 2140 651 2191 his
700 2141 949 2193 omnibus
995 2141 1208 2209 positis,
1254 2143 1348 2192 aut
1394 2140 1451 2192 in
1497 2140 1707 2192 cardine
1754 2139 1933 2207 aliquo

248 2217 340 2265 aut
379 2215 436 2264 in
475 2214 706 2267 anaforis
748 2215 832 2266 vel
870 2216 925 2267 in
965 2215 1302 2283 epicataforis
1341 2214 1504 2267 fuerit
1542 2214 1773 2281 inventa,
1812 2217 1935 2282 post

157 2288 226 2340 27
247 2289 376 2339 haec
409 2289 587 2339 omnia
617 2289 931 2340 biothanata
962 2292 1132 2341 morte
1163 2288 1475 2340 morientur.
1547 2286 1609 2346 Si
1641 2287 1935 2339 Mercurius

248 2365 299 2412 et
356 2360 616 2414 Saturnus
670 2363 725 2414 in
779 2362 868 2415 VI.
925 2363 1009 2414 vel
1063 2363 1119 2413 in
1172 2361 1288 2414 XII.
1338 2362 1404 2413 ab
1458 2362 1763 2429 horoscopo,
1812 2361 1932 2414 loco

367 2498 389 2534 1
425 2491 486 2534 sit
518 2506 600 2535 om.
626 2498 661 2533 D
704 2494 709 2548 1
754 2493 1053 2550 constitutus]
1086 2493 1229 2535 fuerit
1260 2493 1474 2536 inventus
1507 2494 1546 2534 Δ
1671 2496 1696 2534 2
1730 2491 1934 2535 efficient

246 2553 287 2593 Δ
339 2553 345 2606 1
397 2550 487 2593 Sed
520 2551 558 2593 si
583 2554 668 2593 AB
791 2557 815 2592 3
850 2552 973 2594 Mars
998 2551 1046 2594 in
1073 2552 1138 2607 (in
1161 2566 1242 2595 om.
1270 2553 1411 2605 BGN)
1437 2550 1594 2605 aliquo
1620 2551 1807 2594 cardine
1832 2553 1872 2593 Δ

247 2615 272 2652 5
306 2609 377 2652 νο1
400 2610 450 2652 in
473 2610 549 2653 IX.
581 2611 646 2667 Γ]
679 2610 751 2653 vel
775 2609 850 2652 IX.
875 2615 914 2652 N
945 2610 1020 2653 vel
1044 2610 1160 2654 Vm.
1187 2616 1222 2652 D
1258 2614 1263 2666 Ι
1301 2610 1403 2653 1000
1430 2610 1488 2653 ab
1513 2611 1768 2665 horoscopo
1794 2613 1874 2650 AG

248 2673 271 2710 7
298 2669 643 2712 matrimonium
669 2684 781 2714 corr.
799 2673 871 2711 Bv
983 2674 1008 2712 8
1035 2669 1137 2712 coll.
1165 2670 1223 2712 ab
1247 2669 1362 2725 ipsis
1387 2669 1529 2712 fuerit
1553 2673 1634 2711 AG
1740 2672 1764 2710 9
1791 2669 1932 2711 etiam

249 2728 315 2784 Γ]
343 2727 465 2770 dicte
490 2731 529 2770 A
656 2733 709 2771 10
734 2728 848 2771 locis
875 2729 1116 2771 constituti
1142 2728 1235 2770 A'B
1264 2733 1268 2784 Ι
1297 2728 1589 2784 quorundam
1615 2727 1828 2785 (etiam)
1852 2729 1876 2779 ζ

249 2792 300 2828 11
335 2790 599 2842 matresque
629 2789 697 2831 vel
720 2790 931 2843 patresve
957 2801 980 2830 σ
1104 2792 1157 2830 14
1191 2801 1268 2831 008
1292 2789 1365 2831 hic
1388 2803 1435 2830 a:
1453 2792 1560 2843 post
1590 2785 1813 2842 respiciat
1835 2784 1933 2827 A‘G

246 2847 343 2899 (om.
371 2847 435 2899 B),
459 2852 559 2900 post
580 2846 843 2896 radiatione
868 2849 907 2888 A
1033 2850 1086 2888 17
1112 2846 1428 2890 accusationes
1453 2859 1564 2890 corr.
1591 2859 1653 2887 κσ
1775 2849 1829 2887 18
1854 2844 1932 2886 lit-

245 2903 357 2946 teris
383 2905 549 2961 AD2G]
575 2904 766 2948 latebris
792 2906 929 2947 Bn¹v
960 2904 1184 2948 lateribus
1208 2910 1246 2947 N
1367 2910 1422 2947 23
1448 2904 1605 2960 aliquo
1630 2907 1667 2945 A
1785 2908 1839 2946 26
1865 2903 1931 2946 sic

246 2962 317 3004 his
351 2964 450 3020 AG]
485 2963 555 3006 his
581 2967 613 3005 B
646 2964 721 3007 hic
755 2964 820 3007 810
844 2969 879 3005 D
913 2964 977 3006 810
1002 2968 1040 3005 Ν
1176 2969 1228 3006 27
1262 2963 1335 3007 vel
1366 2964 1415 3006 in
1448 2961 1746 3019 epicataforis
1779 2976 1862 3005 om.
1889 2965 1929 3004 A
