2100 3186
254 88 360 142 190
983 87 1213 134 FIRMICI

161 208 232 262 58
364 208 436 278 [D
449 228 475 262 e
516 227 540 262 s
555 209 891 278 epultura]
964 207 1020 262 Si
1063 210 1365 278 sepulturae
1405 229 1432 258 *
1451 230 1477 255 *
1496 229 1523 257 *
1563 208 1942 278 (sepulturae)

253 283 454 336 exitum
493 286 772 336 monstrat.

969 399 1220 454 XXXIII.

203 506 229 556 1
365 503 648 574 Coepimus
702 505 802 557 tibi
857 505 1089 559 Mavorti
1144 505 1325 557 omnia
1386 507 1586 558 secreta
1639 503 1940 557 matheseos

251 578 541 631 verissimis
583 579 955 633 definitionum
996 579 1274 633 sententiis
1314 579 1578 647 intimare,
1617 578 1709 630 sed
1745 578 1941 647 plenis·
1987 599 2008 632 5

251 653 445 705 simum
491 652 593 704 tibi
637 652 831 705 horum
880 654 1119 707 omnium
1164 656 1450 706 tractatum
1496 653 1633 705 liber
1680 653 1940 720 septimus

214 750 217 752 ·
250 729 536 795 monstrat,
582 731 644 779 ut
691 727 871 780 omnia
917 729 1031 780 sine
1080 727 1259 796 aliqua
1287 726 1623 780 ‘difficultate
1669 727 1942 779 facillimis

250 818 310 852 ac
347 801 638 853 verissimis
689 802 860 870 possis
912 800 1351 870 inquisitionibus
1401 803 1654 854 invenire.
1732 799 1836 852 Sed
1875 800 1943 852 ad

250 876 702 943 complementum
755 875 916 927 huius
966 876 1093 928 libri
1142 875 1277 928 illud
1327 875 1565 939 addetur,
1615 877 1676 926 ut
1728 874 1941 927 demon-

251 951 417 1001 strem
462 949 579 1017 tibi,
629 967 765 1017 quae
811 952 968 1002 stella
1007 967 1126 1003 cum
1167 949 1383 1002 domina
1421 952 1724 1018 temporum
1762 948 1941 1016 fuerit,
1965 969 2009 1002 10

251 1026 304 1075 et
343 1022 447 1075 sibi
487 1024 779 1092 ceterisque
820 1024 990 1076 stellis
1023 1027 1193 1076 totam
1224 1023 1275 1075 X
1306 1041 1567 1075 annorum
1599 1040 1659 1075 ac
1688 1021 1766 1074 IX
1797 1041 1941 1074 men-

251 1097 388 1150 sium
441 1097 682 1149 diviserit
733 1098 1109 1166 substantiam,
1161 1097 1289 1166 quid
1339 1101 1392 1150 et
1442 1116 1547 1166 qua
1596 1096 1805 1150 ratione
1857 1097 1940 1149 de-

250 1174 444 1224 cernat.
507 1169 778 1233 Quatenus
812 1176 988 1225 autem
1021 1173 1324 1224 inveniatur
1347 1175 1650 1240 temporum
1677 1171 1940 1239 dominuS,

250 1262 407 1314 quem
458 1243 647 1298 Graeci
693 1245 1157 1298 chronocratorem
1195 1249 1403 1313 vocant,
1453 1247 1510 1298 in
1546 1245 1685 1297 libro
1726 1244 1939 1296 institu-

248 1318 411 1371 tionis
451 1319 732 1373 manifesta
769 1320 976 1373 ratione
1015 1321 1451 1389 monstravimus3
1492 1338 1650 1388 quam
1681 1337 1793 1372 rem
1825 1318 1941 1371 dili·
1965 1339 2007 1372 15

250 1396 436 1463 genter
474 1394 700 1462 inquire,
738 1397 799 1446 ut
837 1394 1012 1463 possis
1045 1395 1403 1463 periculorum
1437 1393 1648 1446 ordines
1681 1396 1734 1445 et
1766 1393 1939 1445 exitus

251 1486 500 1520 invemre.

197 1543 231 1595 2
363 1540 420 1593 Si
457 1541 719 1594 Saturnus
755 1546 1059 1611 temporum
1092 1542 1338 1594 dominus
1370 1541 1534 1593 fuerit
1565 1542 1798 1608 effectuS‚
1838 1540 1938 1594 sibi

249 1633 313 1667 ex
338 1617 508 1667 omni
555 1620 795 1685 tempore
835 1618 973 1670 sicut
1019 1616 1076 1668 in
1113 1616 1252 1668 libro
1292 1615 1651 1668 institutionis
1693 1615 1940 1683 diximuS,

247 1688 401 1741 XXX
442 1690 760 1757 <ven>djcat
799 1708 1024 1743 menses,
1093 1689 1320 1759 Respice
1359 1690 1539 1758 itaque
1573 1692 1832 1758 quatenus
1870 1689 1941 1741 sit
1963 1711 2008 1744 20

248 1763 305 1815 in
345 1764 592 1833 genitura
630 1765 855 1833 positUS,
895 1767 948 1816 et
986 1783 1053 1815 an
1091 1764 1164 1817 sit
1202 1764 1392 1815 diurna
1430 1763 1676 1833 genitura
1715 1781 1782 1815 an
1813 1781 1938 1815 vero

247 1841 531 1902 nocturna,
577 1842 629 1890 et
668 1858 735 1890 an
774 1838 1052 1909 geniturae
1094 1838 1334 1891 cardines
1373 1840 1574 1905 teneat,
1614 1840 1667 1889 et
1706 1836 1834 1905 quid
1873 1855 1938 1889 ex

249 1911 390 1981 signi
427 1915 619 1964 natura
656 1912 743 1965 vel
775 1930 839 1964 ex
871 1913 977 1965 loci
1007 1915 1272 1981 potestate
1305 1911 1565 1964 decernat.
1638 1910 1782 1973 Quae
1817 1928 1937 1963 cum

250 1986 430 2038 omnia
479 1986 723 2056 diligenti
769 1986 976 2038 ratione
1026 1987 1320 2056 collegeriS,
1366 1988 1496 2038 tunc
1534 1986 1769 2038 invenies
1810 1985 1939 2053 quid

199 2060 410 2113 Sfaciat
449 2077 570 2111 cum
611 2061 856 2113 dominus
896 2064 1197 2129 temporum
1235 2059 1410 2112 fuerit.
1483 2058 1539 2111 Si
1580 2059 1722 2112 enim
1761 2059 1818 2111 in
1851 2077 1937 2128 ge·
1961 2080 2004 2113 25

248 2134 430 2186 nitura
469 2134 704 2202 pericula
744 2134 809 2186 ab
850 2134 966 2203 ipso
1001 2134 1212 2188 decreta
1242 2133 1458 2201 fuerint,
1498 2137 1626 2185 tunc
1658 2133 1939 2201 exequitur

252 2208 503 2276 quicquid
560 2211 681 2260 ante
737 2208 1052 2261 decreverat.
1132 2206 1189 2260 Si
1243 2207 1527 2260 orbitatem
1581 2207 1638 2258 in
1690 2206 1938 2277 genitura

251 2282 511 2349 decernat,
557 2285 685 2334 tunc
733 2281 919 2351 [enim]
967 2282 1216 2335 miseram
1261 2282 1497 2334 filiorum
1546 2281 1784 2334 sobolem
1824 2298 1938 2333 cru-

252 2354 355 2407 deli
409 2358 673 2424 potestate
728 2357 1078 2424 persequitur.
1158 2355 1216 2408 Si
1265 2355 1581 2408 viduitatem
1633 2355 1936 2423 decreverit,
1990 2410 1992 2412 ,

253 2434 377 2481 tunc
415 2430 817 2481 matrimonium
857 2433 948 2482 aut
983 2433 1156 2481 morte
1189 2432 1281 2481 aut
1312 2429 1637 2481 dissensione
1669 2428 1935 2481 dissociat.
1959 2450 2004 2482 30

370 2596 391 2631 1
427 2591 509 2633 Zac.
542 2595 643 2633 stat.
678 2594 717 2632 et
749 2589 855 2632 add.
889 2592 913 2640 ζ
941 2588 1018 2632 hic
1051 2589 1210 2632 deficit
1239 2589 1299 2630 ΒΣ
1329 2591 1405 2632 im.
1547 2594 1571 2631 2
1606 2588 1799 2631 exitium
1835 2589 1882 2631 Γ

249 2654 275 2692 4
308 2649 507 2691 Mavorti
540 2648 681 2691 decus
712 2650 921 2691 nostrum
952 2653 1027 2690 Nv
1148 2654 1173 2690 5
1209 2647 1478 2704 plenissime
1510 2651 1550 2691 Δ
1676 2651 1699 2690 7
1731 2647 1830 2690 sine
1866 2647 1932 2704 Γ]

250 2708 343 2750 sint
374 2710 413 2750 Δ
545 2711 571 2750 8
602 2707 860 2750 rationibus
894 2709 933 2749 Δ
1059 2711 1111 2749 12
1146 2709 1193 2750 et
1225 2708 1301 2765 κζ]
1335 2707 1376 2750 ei
1500 2711 1554 2749 14
1585 2706 1705 2749 libro
1738 2705 1790 2748 II.
1823 2705 1933 2749 inst.

247 2766 494 2809 manifeste
525 2769 715 2809 monstr.
741 2768 780 2809 Δ
815 2766 870 2819 cf.
898 2767 960 2808 ΙΙ
977 2769 1039 2808 26
1162 2770 1215 2808 18
1250 2766 1474 2809 Saturnus
1507 2766 1546 2809 si
1570 2768 1609 2808 Δ
1662 2767 1667 2822 1
1716 2763 1803 2807 tibi
1833 2766 1879 2807 Γ

252 2831 304 2868 19
338 2828 392 2879 cf.
427 2827 486 2869 ΙΙ
514 2829 589 2879 27,
614 2839 631 2867 1
699 2871 705 2877 ,
782 2829 837 2867 20
879 2823 1045 2866 XXXV
1077 2828 1200 2866 AGD
1274 2827 1278 2881 1
1352 2826 1457 2868 add.
1490 2824 1549 2867 12²
1698 2828 1751 2866 22
1794 2826 1840 2866 et
1872 2837 1932 2865 an

250 2885 362 2939 quid
394 2885 442 2926 in
476 2884 619 2941 signis
652 2886 691 2926 Δ
815 2889 868 2926 27
904 2884 1158 2927 decreverit
1190 2887 1214 2936 ζ
1333 2888 1387 2927 28
1420 2884 1502 2928 del.
1536 2886 1613 2925 AB
