2090 3198
808 119 916 164 VIII
947 125 1018 176 24,
1044 133 1159 165 2—9.
1719 121 1823 173 331

136 243 314 295 Erunt
351 242 435 294 vel
465 259 782 312 magnorum
815 241 1138 310 templorum
1171 241 1255 294 vel
1285 241 1562 293 civitatum
1595 240 1679 294 vel
1709 259 1829 310 pro-

136 317 431 370 vinciarum
452 319 699 369 rectores,
745 313 846 367 Sed
870 315 954 367 his
971 315 1277 384 frequenter
1292 314 1614 384 populorum
1632 315 1829 368 iudicia

137 390 432 444 credentur.
471 389 762 441 Habebunt
786 392 964 442 autem
986 406 1051 441 ex
1070 388 1379 441 infortuniis
1402 389 1635 441 filiorum
1660 391 1828 442 maxi-

0 527 1 530 *
136 482 253 517 mos
287 464 509 516 dolores
571 461 632 515 In
673 467 825 532 parte
855 461 1001 515 XIII.
1027 462 1268 533 Virginis
1301 463 1624 532 quicumque
1662 463 1878 515 habu-6

89 559 110 591 5
136 540 275 591 erint
311 538 688 606 horoscopum,
720 540 876 589 erunt
916 536 1210 589 citharoedi
1248 536 1333 588 vel
1372 538 1702 607 hymnologi.
1764 536 1828 590 In

134 617 286 682 parte
318 611 460 664 XIV.
496 611 736 682 Virginis
770 611 1092 680 quicumque
1123 610 1412 664 habuerint
1449 609 1827 680 horoscopum,

134 689 291 738 erunt
329 686 532 738 musici.
591 684 654 737 In
691 689 842 753 parte
873 683 990 737 XV.
1015 684 1258 756 Virginis
1298 685 1622 755 quicumque
1660 685 1827 738 habu-

134 762 273 813 erint
302 761 677 829 horoscopum,
708 762 864 811 erunt
895 759 1166 830 elegantes
1209 759 1302 827 qui
1334 760 1605 829 virginum
1637 777 1826 814 concu—

132 835 278 887 bitus
303 852 460 904 saepe
485 837 765 886 sectentur.
809 832 1099 886 Habebunt
1122 834 1178 886 in
1200 834 1401 886 femore
1425 834 1634 902 vitium,
1658 838 1711 886 et
1736 852 1826 887 eos

67 928 111 961 ιο
133 909 440 977 frequenter
477 907 683 960 vitiosis
714 907 1030 960 humoribus
1063 911 1341 960 concretus
1375 907 1593 977 sanguis
1624 908 1826 977 inquie-

133 982 283 1035 tabit.
342 981 406 1034 In
437 985 586 1051 parte
616 980 760 1033 XVI.
788 981 1028 1051 Virginis
1061 980 1385 1051 quicumque
1415 981 1704 1035 habuerint
1733 982 1826 1035 ho-

131 1074 430 1125 roscopum,
469 1059 625 1108 erunt
664 1055 860 1125 magni,
898 1056 1054 1125 plura
1095 1055 1314 1126 negotia
1354 1059 1658 1109 tractantes,
1721 1055 1826 1110 Sed

133 1131 449 1184 biothanata
495 1132 667 1183 morte
714 1129 1025 1183 morientur.
1102 1129 1166 1182 In
1195 1133 1347 1199 parte
1386 1128 1558 1182 XVII.
1582 1130 1826 1201 Virginis
1845 1131 1873 1181 7

132 1204 454 1274 quicumque
485 1203 733 1256 habuerit
763 1203 1140 1273 horoscopum,
1164 1205 1266 1256 erit
1298 1204 1564 1273 gladiator
1593 1204 1826 1273 publicis

65 1298 107 1330 15
132 1278 503 1348 voluptatibus
544 1278 845 1347 deputatus
906 1278 972 1332 In
1008 1282 1161 1348 parte
1199 1277 1397 1331 XVHI.
1430 1278 1674 1349 Virginis
1711 1279 1825 1348 qui-

132 1371 359 1422 cumque
406 1352 694 1405 habuerint
738 1352 1116 1422 horoscopum,
1163 1355 1320 1405 erunt
1366 1353 1511 1405 beati
1558 1356 1611 1406 et
1663 1355 1825 1422 primi

132 1427 452 1491 sacerdotes,
502 1426 645 1480 docti
701 1428 860 1479 amici
912 1444 1116 1496 regum,
1172 1430 1226 1480 et
1282 1427 1374 1495 qui
1429 1446 1458 1478 a
1509 1428 1824 1480 mulieribus

130 1505 376 1554 amentur
431 1518 654 1570 semper.
732 1499 936 1563 Quodsi
982 1501 1126 1554 Mars
1181 1502 1240 1553 in
1286 1501 1403 1570 ipsa
1448 1504 1600 1570 parte
1646 1502 1825 1569 fuerit,

130 1576 216 1628 vel
269 1576 323 1627 in
380 1593 570 1628 occasu
625 1575 810 1645 partiS,
871 1576 1112 1628 mulieris
1175 1593 1333 1627 causa
1383 1575 1598 1644 publica
1653 1580 1824 1628 morte

64 1668 107 1700 20
129 1650 445 1719 plectentur.
522 1647 585 1701 In
631 1652 782 1718 parte
821 1649 964 1703 XIX.
997 1649 1242 1720 Virginis
1288 1651 1611 1719 quicumque
1657 1650 1874 1703 habu-8

131 1724 231 1776 erit
277 1724 655 1793 horoscopum,
703 1724 804 1775 erit
851 1723 1176 1776 architectus
1225 1727 1456 1777 structor
1506 1725 1822 1793 parietarius

128 1799 214 1850 vel
265 1797 659 1851 marmorarius
737 1796 802 1850 In
855 1802 1006 1867 parte
1053 1796 1169 1850 XX.
1201 1798 1445 1868 Virginis
1499 1799 1823 1868 quicumque

128 1871 416 1924 habuerint
452 1873 828 1941 horoscopum,
868 1876 1023 1925 erunt
1054 1872 1246 1925 musici
1278 1872 1585 1941 citharoedi,
1617 1874 1824 1926 cantica

131 1945 273 1999 dulci
311 1948 459 1998 vocis
496 1945 860 2000 modulatione
900 1950 1188 2000 cantantes
1266 1945 1371 1999 Sed
1408 1946 1467 1999 hi
1506 1947 1572 1999 ad
1611 1948 1824 2000 cliente-

62 2038 104 2070 25
128 2021 207 2072 las
246 2024 597 2088 patronorum
635 2021 995 2089 pertinebunt,
1040 2021 1311 2090 obsequiis
1346 2039 1554 2090 semper
1585 2021 1858 2076 amorisfoz.
1870 2032 1953 2067 110'
1962 2035 2007 2067 H

131 2093 234 2146 sibi
273 2094 500 2164 gratiam
541 2098 908 2163 conparantes.
971 2093 1033 2147 In
1065 2094 1308 2165 Virginis
1340 2095 1483 2147 XXI.
1515 2098 1667 2164 parte
1707 2096 1823 2164 qui·

130 2185 359 2236 cumque
390 2167 676 2220 habuerint
706 2167 1084 2238 horoscopum,
1116 2168 1171 2220 id
1203 2172 1284 2221 est
1316 2169 1370 2220 in
1405 2172 1642 2222 extremo
1675 2170 1824 2238 pede,

130 2245 287 2294 erunt
332 2241 575 2294 homines
624 2243 716 2311 qui
762 2242 1010 2311 plurimis
1059 2261 1113 2296 se
1153 2243 1495 2313 negotiorum
1539 2244 1823 2314 generibus

130 2315 421 2368 involvant.
492 2314 596 2368 Sed
635 2315 720 2368 his
758 2318 1066 2385 frequenter
1106 2317 1302 2369 iudicia
1343 2317 1635 2370 credentur.
1699 2317 1822 2380 Qui-

61 2409 105 2441 so
130 2389 250 2441 dam
284 2389 545 2442 amicitias
578 2390 924 2444 adfectabunt
955 2391 1206 2444 iudicum.
1247 2390 1308 2443 In
1333 2396 1484 2460 parte
1510 2391 1677 2444 XXII.
1704 2391 1822 2443 Vir-
1841 2390 1874 2442 9

248 2509 273 2547 3
306 2504 576 2549 infortuniis
600 2505 671 2564 A']
705 2506 904 2550 fortunis
931 2511 1014 2549 Gn
1043 2507 1289 2566 fortunissss
1313 2512 1349 2550 Ι)
1471 2513 1498 2550 4
1523 2514 1563 2552 et
1587 2513 1612 2551 6
1643 2509 1822 2551 horosc.

128 2563 234 2607 hab.
273 2566 319 2607 Γ
478 2570 504 2608 5
538 2564 779 2622 mimologi
810 2570 849 2608 N
1016 2570 1040 2609 6
1078 2565 1196 2609 XIV.
1230 2565 1284 2610 V.
1319 2582 1363 2622 p.
1396 2568 1469 2610 hic
1499 2569 1622 2612 solus
1656 2566 1701 2609 A‘

131 2628 154 2666 7
188 2623 366 2666 horosc.
400 2623 508 2667 hab.
542 2622 591 2665 A‘
716 2629 740 2666 9
775 2638 879 2669 eum
904 2628 943 2668 Δ
1069 2629 1122 2668 10
1156 2625 1390 2681 inquietat
1414 2630 1451 2668 Δ
1482 2625 1764 2682 inquietavit
1789 2631 1823 2668 G

191 2687 244 2725 16
276 2683 454 2725 horosc.
488 2682 597 2726 hab.
635 2685 681 2726 Γ
731 2685 738 2738 Ι
795 2685 861 2742 et]
904 2697 958 2727 ac
990 2688 1028 2726 A
1178 2689 1234 2728 20
1266 2684 1530 2740 plectentur
1563 2686 1653 2743 Gv]
1697 2684 1823 2741 plec-

129 2743 254 2784 tetur
405 2745 458 2783 21
494 2740 774 2786 architector
804 2746 844 2786 Δ
997 2748 1053 2786 24
1096 2742 1341 2787 clientulas
1374 2749 1459 2786 AN
1610 2749 1665 2787 26
1702 2744 1821 2788 XXI.

130 2799 285 2855 (XXII.
319 2803 372 2853 A)
405 2799 459 2842 V.
492 2815 537 2856 p.
569 2801 642 2845 hic
680 2803 723 2844 Γ
860 2807 915 2845 27
948 2801 1127 2846 horosc.
1160 2803 1269 2846 hab.
1304 2806 1342 2846 A
1489 2808 1544 2847 29
1579 2803 1825 2847 credentur

130 2859 223 2917 ἂν]
257 2859 506 2960 οέεᾶαιιῡιιι·
537 2863 574 2901 Δ
614 2860 853 2904 credentes
886 2863 925 2904 Δ
1079 2865 1134 2904 30
1167 2862 1479 2905 iudicantium
1511 2862 1583 2906 vel
1614 2863 1823 2906 iudicum

133 2920 171 2960 A
217 2917 267 2960 iu
303 2918 447 2962 icium
480 2922 515 2960 G
