2084 3192
248 169 361 222 290
938 188 945 193 .
980 167 1209 212 FIRMICI

248 291 303 342 in
365 293 579 359 pectore
639 287 835 341 XXIII.
897 292 950 341 et
1010 287 1205 341 XXIV.
1270 290 1572 357 quaerimus
1580 331 1594 358 ,
1657 291 1939 358 sequentes

248 368 356 416 tres
409 366 725 433 permanent
778 364 833 415 in
888 363 1164 434 geniculiS‚
1218 361 1468 415 XXVIII.
1519 364 1574 415 in
1621 360 1812 415 natura
1859 365 1941 415 est

245 438 457 506 LeoniS,
517 436 711 490 XXIX.
766 437 823 488 in
875 437 1115 506 renibuS,
1176 435 1342 488 XXX.
1399 438 1514 489 sola
1566 437 1830 506 reperitur
1882 437 1940 489 in

249 512 428 564 cauda.

197 587 229 638 6
358 585 674 655 Virginis
728 587 907 654 partes
959 584 1218 637 hactenus
1275 584 1597 637 dividuntur.
1674 583 1714 636 I.
1766 588 1819 636 et
1870 582 1936 636 II.
1986 607 2005 640 5

247 662 427 728 partes
468 661 525 711 in
564 660 738 727 capite
778 658 1021 729 Virginis
1061 661 1407 729 collocantur,
1449 662 1556 711 tres
1596 677 1721 711 vero
1761 661 1938 727 partes

196 745 200 748 ’
248 737 527 803 sequentes
575 734 631 785 in
675 732 827 800 facie,
866 731 956 784 VI.
997 751 1123 785 vero
1172 735 1225 784 et
1264 731 1380 785 VH.
1422 732 1478 785 in
1523 733 1784 802 manibus,
1831 735 1939 784 tres

248 826 370 861 vero
412 811 693 876 sequentes
731 808 825 875 <in
863 807 1030 877 spina,
1069 808 1125 858 in
1165 808 1397 875 scapulis
1436 825 1561 859 vero
1599 805 1688 859 XI.
1721 809 1775 858 et
1805 805 1939 873 XIL,

248 886 527 951 sequentes
559 881 722 948 vero>
753 900 848 950 per
880 881 1119 934 ordinem
1150 885 1259 935 tres
1290 882 1346 933 in
1377 884 1606 950 pectore,
1637 879 1780 933 XVI.
1812 899 1939 934 vero

248 960 300 1009 et
338 954 510 1008 XVII.
551 956 609 1008 in
664 956 850 1008 dextra
903 955 1157 1023 mamilla,
1209 958 1317 1007 tres
1372 973 1496 1007 vero
1553 959 1834 1023 sequentes
1883 954 1938 1006 in
1966 969 2009 1010 10

249 1031 436 1082 dextro
476 1032 810 1083 collocantur
847 1029 996 1099 pede,
1045 1049 1070 1078 *
1090 1048 1116 1077 *
1137 1050 1161 1077 *
1202 1028 1395 1081 XXVI.
1431 1032 1483 1081 et
1513 1027 1736 1082 XXVII.
1776 1029 1834 1080 in
1873 1029 1945 1080 si-

247 1106 417 1157 nistro
474 1106 804 1157 collocantur
856 1103 1005 1172 pede,
1059 1104 1115 1155 in
1168 1103 1384 1156 renibus
1431 1122 1555 1156 vero
1595 1101 1845 1156 XXVIII.
1888 1107 1941 1155 et

246 1177 456 1246 XXIX„
496 1179 554 1230 in
592 1179 826 1231 naturali
866 1195 1087 1246 corpore
1129 1177 1242 1230 sola
1281 1176 1447 1229 XXX.

198 1253 226 1303 7
359 1253 587 1304 Librae
625 1256 804 1321 partes
833 1252 1090 1304 hactenus
1124 1252 1446 1304 dividuntur.
1504 1250 1544 1303 I.
1577 1255 1630 1304 et
1660 1250 1725 1303 II.
1758 1254 1937 1320 partes

248 1329 580 1379 collocantur
618 1328 675 1380 in
714 1327 902 1396 capite,
941 1324 1034 1378 III.
1067 1344 1193 1378 vero
1235 1328 1287 1378 et
1325 1325 1417 1378 IV.
1451 1328 1504 1378 et
1536 1325 1599 1378 V.
1633 1326 1689 1377 in
1722 1325 1938 1377 sinistra
1966 1341 2011 1379 ιε’

246 1404 397 1469 parte
434 1402 683 1470 trutinae,
721 1400 813 1454 VI.
852 1418 978 1454 vero
1019 1403 1073 1452 et
1111 1398 1230 1452 VII.
1271 1400 1326 1451 in
1367 1400 1552 1453 dextra
1596 1402 1747 1469 parte
1785 1399 1940 1451 truti-

246 1493 344 1527 nae
386 1478 732 1543 collocantur,
769 1473 919 1526 VIII.
950 1474 1075 1542 <et>
1105 1472 1195 1526 IX.
1230 1477 1281 1526 et
1319 1474 1382 1526 X.
1423 1474 1480 1525 in
1520 1493 1637 1522 ***
1679 1476 1939 1526 collocan-

245 1553 349 1619 tur,
387 1547 479 1601 XI.
519 1568 643 1603 vero
685 1553 737 1602 et
774 1547 892 1601 XII.
933 1552 1111 1617 partes
1158 1549 1214 1600 in
1260 1550 1411 1600 laeva
1450 1551 1601 1615 parte
1640 1548 1754 1617 iugi
1793 1566 1939 1616 repe-

246 1624 472 1691 riuntur,
519 1627 628 1676 tres
678 1642 805 1675 vero
854 1626 1134 1691 sequentes
1181 1623 1239 1674 in
1286 1622 1470 1675 dextra
1514 1625 1668 1690 parte
1707 1622 1822 1692 iugi
1860 1622 1937 1673 in-

246 1698 506 1767 venimus,
544 1696 686 1750 XVI.
721 1700 775 1750 et
812 1695 983 1749 XVII.
1024 1698 1081 1748 in
1121 1696 1277 1749 corde
1317 1696 1525 1764 Librae,
1566 1699 1820 1764 quattuor
1859 1714 1935 1747 se·
1960 1715 2011 1749 20³

247 1775 469 1840 quentes
517 1789 611 1840 per
658 1772 893 1824 ordinem
940 1771 996 1822 in
1044 1771 1230 1822 dextra
1275 1789 1436 1822 manu
1475 1769 1667 1822 Librae
1712 1788 1937 1823 noscun-

246 1849 355 1913 tur,
403 1847 460 1897 in
496 1850 711 1915 pectore
749 1843 919 1897 XXII.
961 1848 1014 1898 et
1052 1843 1246 1897 XXIII.
1290 1847 1414 1896 sunt
1464 1846 1776 1913 collocatae3
1829 1847 1936 1897 tres

247 1923 528 1987 sequentes
575 1920 632 1972 in
677 1920 847 1989 ipsius
887 1922 1011 1971 sunt
1056 1919 1287 1986 renibUS,
1333 1916 1556 1970 XXVII.
1597 1922 1650 1970 et
1687 1916 1937 1971 XXVIII.

246 2012 415 2062 usque
455 1994 516 2046 ad
561 1997 827 2046 extremos
870 1994 1223 2063 porriguntur
1269 1992 1442 2060 pedes,
1524 1991 1711 2044 Cetera
1749 1993 1805 2044 in
1843 2011 1937 2044 nu-

369 2144 389 2181 1
424 2142 613 2195 pectore
647 2139 692 2197 6]
724 2139 908 2195 pectine
977 2139 983 2197 Ι
1051 2137 1212 2182 XXIV.
1246 2139 1293 2182 et
1323 2137 1462 2180 XXV.
1496 2136 1547 2179 A'
1698 2141 1723 2180 2
1755 2151 1936 2194 perma-

246 2200 359 2241 nent
399 2199 504 2256 AG]
554 2198 757 2254 pertinet
796 2199 844 2240 A'
897 2198 1054 2254 partes
1089 2214 1116 2240 a.
1266 2202 1290 2240 3
1330 2197 1496 2240 Leonis
1535 2211 1617 2241 om.
1651 2196 1702 2238 A'
1767 2199 1773 2253 Ι
1839 2196 1938 2240 sola

246 2256 385 2299 XXX.
421 2259 491 2300 est
522 2257 572 2300 in
604 2258 755 2301 cauda
787 2260 826 2301 Δ
951 2261 975 2300 6
1010 2257 1163 2313 capite
1195 2257 1241 2314 a]
1274 2255 1395 2300 facie
1445 2258 1450 2312 Ι
1500 2257 1657 2312 partes
1691 2258 1936 2312 sequentes

250 2316 317 2373 Γ]
351 2331 434 2371 per
467 2315 590 2359 diem
621 2321 660 2358 N
699 2331 782 2360 om.
816 2322 851 2358 D
909 2318 914 2372 1
972 2318 1066 2359 tres
1097 2330 1203 2359 vero
1237 2316 1276 2373 ζ]
1322 2315 1405 2359 VII
1435 2329 1543 2359 vero
1579 2317 1626 2359 Γ
1665 2315 1749 2358 VII
1779 2321 1814 2357 D
1862 2324 1940 2358 oc-'

246 2376 356 2417 tava
386 2379 425 2416 N
570 2380 595 2418 8
629 2375 734 2420 add.
768 2380 807 2417 N
841 2380 957 2432 spat.
990 2389 1084 2420 vac.
1110 2381 1217 2432 post
1247 2374 1458 2418 ordinem
1488 2379 1523 2417 D
1668 2380 1693 2418 9
1725 2377 1818 2418 tres
1851 2388 1934 2418 om.

250 2436 297 2477 Γ
414 2438 467 2477 10
502 2435 693 2478 dextera
723 2439 800 2476 Nv
937 2438 989 2477 11
1025 2435 1213 2477 dextero
1245 2439 1280 2476 D
1339 2438 1343 2484 Ι
1400 2435 1710 2490 supplementa
1739 2434 1879 2488 finoeit
1908 2449 1935 2475 a

308 2498 361 2535 12
396 2492 686 2538 collocantur
710 2507 792 2537 om.
817 2498 857 2535 Ν
880 2499 921 2537 et
944 2499 978 2534 D
1011 2495 1090 2548 qui
1119 2494 1308 2550 yravius
1338 2494 1418 2537 hoc
1449 2494 1542 2537 loco
1574 2494 1784 2537 turbatus
1814 2497 1878 2536 est

249 2556 301 2594 16
335 2551 563 2596 trutinate
595 2555 634 2596 A
670 2554 737 2596 bis
912 2558 963 2595 17
1003 2552 1121 2595 VIII.
1156 2578 1210 2584 —
1246 2551 1533 2595 collocantur
1567 2566 1650 2596 om.
1683 2553 1735 2595 in
1765 2554 1849 2595 Zac.
1879 2553 1933 2606 Γ,

246 2611 329 2654 Zac.
359 2617 463 2666 post
492 2613 541 2655 in
572 2613 673 2656 hab.
700 2614 754 2663 Δ,
789 2612 893 2655 add.
921 2615 946 2663 ζ
1066 2616 1118 2654 18
1151 2612 1309 2667 partes
1342 2625 1423 2655 om.
1451 2613 1490 2654 Δ
1615 2615 1669 2653 20
1702 2609 1820 2654 XVI.
1853 2623 1935 2652 au-

245 2672 341 2712 tem
375 2674 408 2711 G
441 2673 565 2726 (vero
596 2673 664 2726 v);
714 2670 830 2713 XVI.
866 2695 920 2702 —-
953 2669 1117 2713 Librae
1158 2684 1240 2714 om.
1274 2674 1311 2711 A
1478 2674 1529 2712 21
1574 2669 1763 2712 dextera
1794 2673 1875 2710 DG
1925 2669 1929 2727 1

246 2742 387 2771 manu
423 2730 493 2787 Γ]
540 2729 753 2772 mamilla
785 2731 824 2773 A
979 2734 1032 2771 22
1073 2731 1261 2785 pectore
1294 2729 1337 2786 σ]
1383 2729 1568 2784 pectine
1641 2731 1647 2784 Ι
1715 2727 1853 2771 ΧΧΙΙ.
1886 2730 1934 2771 et

246 2787 405 2830 XXHI.
440 2787 489 2831 in
520 2791 639 2844 pect.
674 2791 713 2831 Δ
772 2790 778 2845 l
836 2789 945 2831 sunt
976 2787 1230 2832 collocatae
1263 2803 1346 2832 om.
1380 2790 1426 2831 Γ
1477 2789 1483 2843 Ι
1539 2787 1588 2830 in
1619 2786 1807 2830 renibus
1839 2788 1932 2831 tres

249 2860 372 2901 sequ.
412 2849 458 2890 Γ
485 2848 687 2903 (omissis·
708 2847 855 2903 ipsius
889 2849 1013 2903 sunt)
1180 2851 1234 2889 23
1275 2846 1414 2890 XXV.
1454 2859 1561 2889 vero
1602 2847 1648 2889 et
1685 2845 1845 2888 XXVI.
1886 2847 1934 2888 et

248 2904 428 2948 XXVII.
464 2907 510 2948 et
541 2906 742 2950 XXVIII.
781 2908 827 2949 Γ
972 2910 1027 2949 24
1060 2907 1213 2949 cetera
1244 2907 1301 2963 A]
1349 2907 1529 2949 ceterae
1587 2905 1592 2962 Ι
1649 2903 1697 2946 in
1729 2904 1932 2947 numeris

248 2964 288 3020 ζ]
323 2963 371 3006 in
402 2965 607 3008 humeris
640 2968 679 3008 A
729 2965 852 3008 enim
884 2964 1086 3007 numeris
1124 2967 1170 3008 Γ
1933 2986 1936 2990 ’
