2066 3192
809 168 873 215 VI
906 174 945 226 1,
967 174 1092 224 4—2‚
1116 182 1152 214 s.
1754 169 1824 223 69

136 292 283 345 tione
322 291 648 344 coniunctae.
725 291 868 344 Hinc
906 291 1048 344 enim
1089 291 1263 344 omnis
1302 292 1657 344 mixturarum
1698 292 1878 344 soci-9

138 369 248 419 etas
294 368 639 435 temperatur,
685 365 812 418 hinc
856 367 973 418 tota
1020 365 1351 419 decretorum
1389 368 1626 434 potestas
1664 364 1828 434 inspi-

137 440 286 493 citur.
362 438 427 492 In
464 440 634 492 vicem
674 440 777 492 sibi
816 440 956 492 enim
1006 441 1191 493 stellae
1236 458 1335 510 pro
1373 442 1564 492 natura
1610 456 1706 492 sua
1743 440 1829 492 vel

135 533 234 583 pro
274 513 582 567 condicione
616 532 825 583 semper
856 514 1148 584 oppositae,
1187 514 1298 566 fata
1327 514 1607 567 hominum
1638 531 1828 582 aequa-

94 607 113 640 5
137 589 235 641 bili
270 589 542 642 varietatis
579 588 942 642 moderatione
974 591 1299 658 conponunt.
1368 587 1523 642 Hanc
1553 588 1655 641 tibi
1685 606 1828 640 nunc
1848 587 1917 639 10

135 663 365 716 Mavorti
406 662 563 714 decus
600 666 845 715 nostrum
884 662 1239 715 mixturarum
1275 662 1553 731 explicabo
1586 662 1829 715 substan-

135 738 281 806 tiam,
313 740 374 790 ut
405 736 618 806 plenam
649 737 751 789 tibi
782 737 1046 790 insinuem
1080 737 1239 790 huius
1273 737 1483 790 divinae
1514 737 1826 806 prudentiae

137 811 484 881 disciplinam.
564 809 668 864 Sed
718 814 1002 880 antequam
1056 811 1123 863 ad
1174 811 1582 880 explicationem
1634 811 1828 863 mixtu-

135 905 313 938 rarum
363 903 536 938 sermo
582 888 766 939 noster
805 886 1033 954 accedat,
1082 904 1252 956 pauca
1290 885 1390 938 tibi
1430 885 1492 938 de
1531 884 1827 954 splendida-

68 980 111 1012 ιο
133 979 254 1012 rum
293 962 568 1013 stellarum
609 961 781 1013 dicam
815 959 976 1031 regiis
1007 960 1379 1030 potestatibUS,
1417 963 1480 1013 ut
1509 960 1670 1012 huius
1701 959 1823 1012 libri

133 1034 399 1104 principia
453 1038 800 1105 augustarum
856 1037 1128 1088 stellarum
1184 1033 1629 1104 explicationibus
1678 1033 1826 1086 ador·

133 1112 340 1162 nentur.

947 1211 1013 1266 II.

249 1317 358 1385 [De
398 1318 589 1371 claris
632 1317 960 1388 signorum
1002 1316 1251 1386 stellis]
1331 1316 1512 1370 Claras
1556 1319 1736 1370 stellas
1776 1317 1875 1369 etl

70 1412 111 1444 15
136 1395 362 1462 augusta
408 1392 701 1445 maiestatis
748 1393 1045 1445 radiatione
1091 1392 1359 1462 fulgentes
1406 1391 1462 1443 in
1511 1391 1680 1461 signis
1721 1409 1829 1443 om-

137 1466 297 1519 nibus
352 1466 673 1535 invenimus,
728 1467 820 1518 sed
870 1467 1075 1537 regales
1122 1468 1178 1519 in
1228 1469 1504 1534 quattuor,
1557 1466 1615 1518 in
1651 1465 1830 1518 Leone

139 1541 342 1594 scilicet
380 1541 437 1594 in
477 1540 766 1610 Scorpione
805 1541 860 1593 in
899 1539 1138 1610 Aquario
1179 1543 1232 1593 et
1270 1541 1326 1593 in
1364 1539 1554 1593 Tauro.
1632 1539 1736 1593 Sed
1774 1539 1831 1591 in

139 1616 332 1684 quibus
394 1615 636 1684 partibus
698 1617 921 1668 istarum
983 1617 1271 1685 augustum
1341 1614 1523 1667 lumen
1576 1614 1831 1682 inveniaS,

140 1689 289 1742 brevi
336 1691 574 1742 oratione
621 1689 946 1743 monstrabo.
1025 1688 1223 1752 Quinta
1268 1707 1391 1758 pars
1429 1689 1624 1742 Leonis
1670 1688 1882 1741 habet?

73 1784 115 1815 20
140 1766 350 1816 stellam
395 1763 573 1817 lucido
622 1763 902 1833 splendore
957 1763 1265 1834 fulgentem.
1342 1762 1407 1816 In
1452 1762 1554 1816 hac
1592 1765 1748 1816 stella
1786 1763 1831 1815 si

138 1856 376 1891 crescens
429 1838 630 1891 lumine
684 1839 836 1891 Luna
889 1838 1053 1890 fuerit
1106 1838 1344 1908 inventa,
1397 1837 1685 1907 horoscopi
1740 1839 1832 1889 aut

138 1911 252 1964 MC.
302 1913 569 1982 partiliter
617 1913 895 1981 possidens
947 1913 1236 1981 cardinem,
1290 1930 1454 1983 regna
1501 1915 1554 1964 et
1599 1911 1832 1964 maxima

141 1987 426 2056 potestatis
468 1987 703 2051 decernit
741 1987 978 2057 imperia.
1056 1985 1161 2040 Sed
1200 1990 1252 2039 et
1290 1985 1517 2055 Aquarii
1555 1985 1669 2038 XX.
1708 1985 1882 2056 pars3

140 2062 302 2113 simili
342 2061 635 2114 maiestatis
677 2061 956 2131 splendore
995 2061 1287 2114 decoratur.
1363 2059 1504 2113 Nam
1546 2063 1598 2112 et
1636 2060 1693 2112 in
1730 2059 1832 2112 hac

73 2155 114 2188 25
141 2137 294 2188 stella
333 2135 388 2187 id
427 2139 508 2188 est
546 2136 602 2188 in
632 2134 858 2204 Aquarii
896 2139 1050 2205 parte
1087 2134 1201 2187 XX.
1243 2135 1288 2187 si
1326 2134 1488 2187 fuerit
1521 2134 1673 2187 Luna
1712 2137 1830 2186 orta

138 2210 295 2279 plena
344 2209 662 2279 luminibUS,
714 2210 1090 2279 possideatque
1139 2210 1343 2278 primos
1394 2209 1669 2279 geniturae
1721 2226 1830 2262 car-

140 2284 308 2349 dineS,
357 2283 520 2336 simili
565 2284 724 2338 modo
771 2284 967 2355 regalis
1013 2283 1283 2353 potentiae
1330 2286 1382 2336 et
1427 2282 1798 2353 imperatoriae
1815 2293 1991 2338 saiw!

259 2449 284 2488 2
316 2444 521 2488 inficitur
545 2462 571 2488 κ
664 2449 688 2488 3
722 2444 846 2490 enim
879 2445 1043 2490 stellae
1069 2444 1157 2489 sibi
1183 2445 1382 2488 invicem
1409 2447 1448 2488 Δ
1477 2446 1483 2501 Ι
1512 2458 1596 2488 sua
1620 2458 1703 2488 om.
1722 2447 1762 2487 A

141 2508 167 2546 4
200 2503 490 2560 inaequabili
521 2522 548 2548 κ
640 2509 664 2548 6
699 2505 981 2549 sententiam
1014 2503 1324 2548 substantiam
1358 2507 1396 2548 A
1494 2509 1544 2547 11
1580 2504 1831 2547 adornetur

141 2577 252 2607 corr.
277 2579 344 2606 va
466 2568 521 2606 14
556 2564 745 2608 Lemma
775 2565 856 2609 hoc
887 2570 928 2609 et
956 2566 1189 2619 sequentia
1227 2578 1309 2608 om.
1337 2566 1405 2618 A;
1442 2564 1670 2608 interdum
1701 2567 1740 2605 N
1779 2564 1831 2607 de

140 2637 222 2666 suo
262 2624 359 2667 alia
398 2623 531 2667 addit
568 2624 688 2667 velut
725 2625 805 2668 hoc
845 2626 960 2668 loco:
1006 2623 1073 2666 De
1113 2623 1395 2679 quibusdam
1438 2621 1588 2666 stellis
1635 2621 1736 2664 fixis
1784 2624 1832 2666 et

142 2695 299 2725 earum
340 2681 551 2726 efficacia
589 2681 819 2739 singulari
957 2687 1009 2726 17
1044 2682 1224 2726 scilicet
1256 2684 1303 2725 et
1336 2687 1495 2724 DGva.
1633 2685 1687 2724 19
1721 2681 1830 2725 stel-

140 2741 235 2784 lam
272 2741 416 2784 habet
447 2743 487 2784 Δ
610 2745 666 2784 20
709 2740 748 2784 si
780 2742 891 2784 luna
923 2742 984 2784 sit
1015 2741 1100 2796 (sic
1130 2743 1185 2795 N)
1218 2755 1356 2785 cresc.
1389 2741 1499 2785 lum.
1533 2740 1675 2783 fuerit
1706 2743 1746 2784 A

143 2805 195 2842 21
230 2800 475 2856 horoscopi
507 2801 562 2856 A]
609 2800 917 2857 horoscopum
948 2805 986 2842 N
1019 2801 1210 2857 (abbrev.
1243 2803 1339 2856 cet)
1431 2805 1485 2843 22
1518 2800 1761 2856 possidens
1794 2805 1829 2841 1)

142 2861 192 2902 in
230 2860 363 2917 corr]
403 2859 673 2915 praesidens
712 2865 787 2904 cet.
821 2861 958 2915 (unde
995 2859 1194 2916 praesid.
1237 2859 1417 2903 cardini
1449 2861 1492 2914 a)
1535 2859 1541 2917 Ι
1583 2858 1715 2914 regni
1746 2862 1825 2915 N}

141 2919 537 2961 maximaeAGA⁸
560 2918 778 2974 (maxima
803 2925 844 2964 et
862 2919 1135 2976 Patavinus)
1228 2922 1282 2961 23
1310 2919 1357 2962 et
1381 2945 1434 2950 —
1462 2931 1570 2975 pars
1600 2918 1664 2976 Γ]
1692 2932 1745 2962 ex
1773 2944 1827 2951 -

140 2979 274 3032 parte
300 2980 338 3021 A
433 2982 488 3020 25
522 2977 726 3033 Aquario
751 2981 791 3022 A
