2078 3174
802 71 866 115 VI
898 75 968 127 30,
994 76 1172 128 25-31,
1195 84 1227 117 3.
1772 72 1875 126 149

930 235 1125 291 ΧΧΧΙ.

295 341 400 396 Sed
446 341 772 394 sufficienter
818 341 933 409 tibi,
979 340 1211 394 Mavorti
1249 340 1409 394 decus
1447 342 1708 410 nostrum,
1756 339 1878 394 illu-

183 417 375 468 strium
413 415 650 469 virorum
690 415 902 469 decreta
937 415 1284 468 narravimus.
1360 413 1522 468 Nunc
1567 414 1635 467 ad
1673 413 1876 484 incepti

183 490 358 559 operis
396 489 633 542 ordinem
672 492 1012 543 revertamur.

137 585 156 618 5
294 562 352 616 Si
384 562 644 617 Saturnus
691 564 748 615 in
786 563 950 616 Libra
986 562 1152 616 fuerit
1190 562 1538 631 constitutuS,
1582 563 1637 614 in
1676 561 1875 614 finibus
1905 561 1932 615 1

182 638 386 690 scilicet
414 636 558 690 Iovis
591 640 644 690 et
676 637 734 690 in
763 638 1048 690 altitudine
1081 655 1193 707 sua,
1225 641 1278 690 et
1308 637 1364 689 in
1397 636 1580 688 eadem
1605 639 1758 706 parte
1781 636 1875 689 ho-

179 729 436 780 roscopus
458 711 621 764 fuerit
645 713 908 779 inventus,
932 713 988 764 in
1011 710 1197 764 Ariete
1221 729 1346 764 vero
1372 710 1556 763 Venus
1583 710 1878 764 constituta

178 785 534 854 horoscopum
587 805 653 839 ex
704 803 895 840 occasu
950 786 1209 839 diametra
1259 785 1556 838 radiatione
1611 784 1876 854 respiciat,

177 859 322 913 Mars
360 877 486 913 vero
526 863 580 914 et
609 859 763 914 Luna
793 863 1019 929 aequata
1049 861 1285 929 partium
1317 860 1570 913 societate
1603 859 1876 912 coniuncti

112 956 154 988 ιο
178 934 236 986 in
275 932 390 987 Mc,
430 934 540 987 sint
578 934 845 1004 partiliter
883 934 1145 1003 collocati,
1186 933 1281 987 Sol
1318 951 1444 987 vero
1485 937 1538 986 et
1575 933 1875 986 Mercurius

177 1009 233 1060 in
274 1007 508 1061 Geminis
557 1009 838 1062 constituti
883 1027 1087 1062 nonum
1134 1008 1200 1061 ab
1244 1008 1543 1078 horoscopo
1582 1009 1762 1060 locum
1800 1011 1874 1060 te-

176 1086 359 1151 neant,
403 1081 648 1152 Iuppiter
687 1101 812 1137 vero
852 1084 908 1136 in
947 1083 1191 1152 Aquario
1238 1083 1449 1152 positus
1496 1085 1549 1135 et
1588 1082 1875 1136 stationem

176 1156 374 1211 faciens
423 1157 670 1226 quintum
718 1158 995 1228 geniturae
1041 1157 1338 1226 possederit
1375 1156 1569 1224 locum,
1619 1157 1751 1209 haec
1787 1174 1875 1227 ge-

176 1231 355 1283 nitura
393 1231 828 1300 potentissimum
866 1232 1019 1303 regni
1058 1231 1296 1285 decernit
1327 1232 1628 1300 imperium,
1666 1231 1753 1283 vel
1781 1249 1875 1300 po-

109 1326 151 1359 15
175 1305 339 1358 tentis
379 1306 657 1375 dignitatis
698 1306 933 1359 decernit
971 1305 1219 1376 insignia.

289 1378 347 1432 Si
385 1379 539 1432 Luna
585 1381 639 1432 in
689 1380 1001 1433 duodecimo
1057 1380 1123 1432 ab
1170 1380 1474 1448 horoscopo
1522 1378 1643 1432 loco
1691 1378 1747 1432 id
1793 1377 1933 1432 est2

176 1453 231 1505 in
272 1454 656 1507 cacodaemone
695 1455 859 1509 fuerit
897 1456 1130 1523 inventa,
1168 1458 1223 1507 et
1254 1454 1326 1507 sit
1356 1455 1414 1507 in
1445 1471 1508 1506 eo
1541 1454 1696 1524 signo
1730 1453 1874 1522 quod

177 1525 394 1580 Saturni
441 1528 638 1581 dicitur
683 1529 982 1600 trigonum,
1035 1528 1092 1580 id
1145 1531 1226 1582 est
1272 1529 1330 1581 in
1382 1526 1618 1596 Aquario
1675 1531 1769 1580 aut
1818 1527 1874 1579 in

177 1599 414 1655 Geminis
454 1606 546 1655 aut
585 1604 643 1655 in
674 1603 850 1672 Libra,
892 1601 987 1656 Sol
1024 1622 1150 1656 vero
1191 1604 1247 1655 in
1287 1605 1438 1655 sexto
1472 1602 1539 1654 ab
1570 1602 1872 1670 horoscopo

107 1697 151 1730 20
174 1675 295 1728 loco
343 1678 666 1730 constitutus
704 1677 911 1730 Lunam
959 1677 1219 1731 diametra
1265 1676 1562 1730 radiatione
1607 1677 1874 1746 respiciat,

175 1750 444 1819 similique
506 1751 614 1804 sint
674 1754 905 1821 partium
965 1753 1219 1805 societate
1274 1750 1569 1819 coniuncti,
1629 1749 1875 1820 Iuppiter

174 1842 299 1876 vero
339 1825 396 1877 in
435 1828 625 1879 octavo
666 1826 738 1879 sit
775 1827 1053 1897 geniturae
1091 1827 1211 1879 loco
1254 1825 1604 1894 constitutus,
1646 1824 1875 1877 laborio-

176 1917 262 1950 sae
294 1899 626 1968 paupertatis
659 1918 724 1953 ex
756 1901 861 1953 ista
892 1901 1141 1972 genitura
1173 1903 1226 1952 et
1257 1900 1484 1952 miserae
1512 1899 1873 1952 mendicitatis

175 1972 531 2026 decernuntur
568 1974 918 2027 incommoda.

107 2067 149 2099 25
288 2045 346 2099 Si
394 2047 548 2100 Luna
597 2051 650 2100 et
698 2048 843 2102 Mars
897 2051 953 2101 in
1009 2049 1237 2117 septimo
1294 2049 1402 2102 sint
1451 2047 1519 2100 ab
1569 2046 1870 2115 horoscopo
1897 2044 1931 2096 3

173 2120 294 2174 loco
336 2123 631 2190 constituti,
678 2122 733 2175 id
780 2126 861 2175 est
906 2123 963 2175 in
1010 2140 1215 2190 occaw,
1262 2126 1314 2175 et
1361 2123 1470 2174 sint
1516 2121 1573 2173 in
1613 2139 1674 2174 eo
1716 2122 1869 2191 signo

175 2195 478 2263 constituti,
527 2196 584 2247 in
633 2215 738 2265 quo
786 2197 975 2250 Martis
1022 2197 1293 2250 invenitur
1338 2197 1638 2266 trigonum,
1688 2195 1745 2247 id
1791 2199 1871 2248 est

175 2271 267 2320 aut
305 2270 362 2321 in
404 2268 606 2322 Cancro
647 2274 740 2323 aut
778 2272 832 2323 in
868 2270 1159 2340 Scorpione
1199 2274 1290 2323 aut
1330 2270 1387 2322 in
1417 2269 1680 2338 PiscibuS,
1719 2268 1840 2337 Iup·
1865 2280 2051 2322 fol-78⁷1

176 2344 314 2411 piter
359 2361 484 2396 vero
531 2343 588 2396 in
626 2344 742 2397 MC.
782 2347 853 2398 sit
898 2344 1164 2414 partiliter
1210 2347 1517 2412 collocatuS,
1567 2347 1620 2395 et
1660 2343 1736 2395 eis
1777 2342 1870 2396 Sol

107 2438 150 2470 30
175 2417 437 2487 trigonica
483 2417 780 2471 radiatione
825 2420 1094 2490 iungatur,
1146 2419 1403 2471 athletam
1442 2418 1602 2470 faciet
1641 2418 1745 2469 ista
1783 2436 1870 2487 ge-

172 2491 368 2558 nitura,
409 2492 500 2544 sed
541 2493 634 2560 qui
674 2494 809 2546 sacri
848 2493 1153 2547 certaminis
1194 2494 1367 2546 victor
1397 2493 1602 2545 famosa
1632 2495 1870 2560 reportet

172 2564 406 2635 insignia
446 2583 776 2620 coronarum.

294 2701 319 2738 6
353 2697 400 2739 et
431 2698 478 2754 κ]
525 2697 573 2740 id
607 2699 678 2740 est
709 2700 765 2752 cf.
792 2700 822 2742 1
850 2702 923 2752 44,
949 2711 970 2741 9
1001 2704 1040 2743 et
1071 2702 1147 2752 48,
1173 2711 1193 2741 9
1250 2699 1256 2756 Ι
1312 2696 1560 2753 horoscopi
1607 2710 1718 2741 corr.
1752 2699 1813 2748 κζ

175 2759 228 2798 11
264 2755 507 2800 constituti
544 2757 612 2814 Γ]
646 2756 864 2801 collocati
896 2761 936 2802 Δ
1088 2763 1140 2801 16
1174 2758 1306 2800 Luna
1337 2771 1418 2801 om.
1450 2759 1497 2800 Γ
1638 2760 1694 2799 20
1727 2755 1867 2798 diam.

173 2814 469 2870 paupertatis
493 2816 756 2860 radiatione
782 2820 821 2861 Δ
946 2822 1001 2860 26
1034 2816 1136 2860 loco
1162 2831 1244 2861 om.
1271 2819 1310 2860 Δ
1435 2820 1488 2859 27
1524 2814 1742 2858 collocati
1767 2817 1806 2857 Δ

176 2877 231 2915 29
258 2873 301 2916 ei
319 2890 346 2915 a
438 2878 490 2918 31
512 2875 654 2918 sacris
673 2876 1006 2920 certaminibus
1024 2891 1136 2921 corr.
1154 2894 1181 2919 κ
1200 2875 1339 2934 (<in>
1359 2875 1502 2918 sacris
1521 2876 1565 2930 a)
1594 2876 1600 2931 Ι
1627 2874 1810 2930 repetet
1826 2875 1868 2915 Δ
