2090 3198
811 163 916 209 VIII
948 168 1019 219 30,
1041 175 1181 207 4—11.
1733 160 1843 215 355

154 286 209 339 in
242 287 401 339 domo
432 286 594 356 regia,
626 286 796 338 multa
827 286 1094 354 imperans
1125 283 1442 336 verecundia
1473 283 1843 354 gravitateque

155 379 380 429 morum,
412 361 636 414 honesta
668 360 1069 413 conversatione
1101 375 1312 426 semper
1344 361 1577 410 ornatus.
1633 355 1696 410 In
1727 356 1842 409 XX.
1861 356 1893 408 8

152 439 302 504 parte
351 435 586 487 Piscium
628 436 947 503 quicumque
993 432 1279 495 habuerint
1324 431 1698 501 horoscopum,
1752 431 1843 501 <in

153 510 327 578 prima
380 513 552 562 aetate
607 507 926 579 strangulati
981 506 1298 559 moriuntur.
1382 504 1446 557 In
1499 505 1640 558 XXI.
1692 509 1843 575 parte

109 605 128 636 5
155 584 387 636 Piscium
412 585 733 652 quicumque
765 581 1051 634 habuerint
1080 580 1455 650 horoscopum,
1487 584 1644 632 erunt
1674 580 1842 648 pisca-

155 662 298 710 tores
345 658 581 728 legentes
627 657 880 726 spongias
927 655 1202 723 laboriosi,
1247 657 1301 707 et
1348 655 1405 707 in
1450 655 1626 723 prima
1673 658 1845 706 aetate

153 731 470 785 moriuntur.
546 730 611 783 In
642 729 811 783 XXII.
851 733 1003 799 parte
1034 729 1271 782 Piscium
1314 729 1637 798 quicumque
1680 727 1843 781 habu-

153 807 292 859 erint
340 805 751 874 horoscopum,>
789 804 1045 857 errabunt
1083 805 1214 872 <per
1251 803 1421 856 multa
1468 804 1643 872 spatia
1680 806 1842 856 terra-

151 900 271 933 rum
304 881 392 948 et>
424 899 520 949 per
550 881 748 932 multas
782 883 982 950 gentes.
1053 877 1111 930 Si
1142 896 1267 930 vero
1299 877 1443 930 Mars
1475 877 1843 930 testimonium

86 977 127 1008 ιο
152 954 498 1023 perhibuerit,
548 958 704 1006 erunt
750 973 780 1005 a
827 954 1001 1022 prima
1041 954 1212 1005 aetate
1254 952 1466 1022 captivi.
1544 951 1607 1004 In
1646 950 1895 1004 XXIII.9

154 1033 304 1098 parte
344 1029 580 1081 Piscium
632 1028 956 1096 quicumque
1011 1027 1256 1079 habuerit
1307 1026 1692 1096 horoscopum,
1743 1026 1845 1078 erit

154 1121 346 1173 auceps
388 1103 451 1155 de
491 1103 679 1154 avibus
718 1103 920 1155 habens
956 1101 1097 1155 vitae
1131 1101 1499 1154 substantiam.
1555 1099 1619 1153 In
1650 1099 1845 1154 XXIV.

153 1182 303 1246 parte
336 1177 572 1230 Piscium
607 1178 928 1245 quicumque
959 1175 1210 1228 habuerit
1245 1176 1622 1244 horoscopum,
1658 1175 1845 1227 morie·

153 1258 241 1303 tur
281 1252 334 1304 in
375 1252 523 1304 mari.
602 1250 665 1303 In
712 1250 876 1303 XXV.
917 1255 1068 1320 parte
1107 1250 1342 1302 Piscium
1391 1251 1712 1318 quicumque
1755 1249 1846 1301 ha-

88 1347 128 1379 15
153 1327 328 1379 buerit
353 1326 726 1394 horoscopum,
744 1326 846 1377 erit
871 1325 1077 1377 aurifex
1102 1326 1334 1377 caelator
1349 1324 1536 1393 pictor.
1569 1323 1633 1376 In
1650 1322 1842 1376 XXVI.

151 1404 299 1469 parte
325 1401 561 1453 Piscium
596 1401 915 1468 quicumque
944 1399 1231 1452 habuerint
1262 1399 1641 1468 horoscopum,
1673 1398 1844 1450 Marte

151 1480 203 1527 et
253 1474 482 1527 Saturno
534 1474 903 1527 testimonium
955 1473 1379 1544 perhibentibuS,
1431 1476 1586 1525 erunt
1634 1473 1844 1526 balnea-

150 1553 292 1602 tores
331 1549 662 1602 mediastrini
700 1549 902 1600 nautici
942 1548 1182 1601 infelices
1212 1547 1531 1615 biothanati,
1562 1551 1616 1600 et
1648 1547 1843 1616 quibus

151 1626 433 1694 organicae
471 1623 883 1676 machinationis
924 1623 1104 1675 officia
1144 1623 1439 1675 credantur.
1518 1620 1580 1674 In
1619 1620 1840 1674 XXVII.
1864 1621 1933 1673 10

84 1719 126 1751 20
150 1702 302 1767 parte
342 1698 576 1751 Piscium
630 1699 950 1766 quicumque
1009 1697 1259 1749 habuerit
1311 1697 1690 1765 horoscopum,
1745 1697 1844 1748 erit

151 1772 412 1842 fugitivus
453 1791 548 1840 per
586 1772 783 1824 multas
825 1776 992 1824 terras
1033 1790 1225 1825 errans,
1307 1769 1409 1823 Sed
1449 1771 1494 1823 is
1535 1770 1690 1840 spina
1728 1789 1842 1839 per—

151 1865 334 1899 cussus
366 1847 640 1898 morietur.
707 1845 770 1898 In
794 1850 945 1915 parte
968 1844 1220 1898 XXVIII.
1245 1846 1480 1898 Piscium
1515 1845 1841 1913 quicumque

148 1921 436 1973 habuerint
475 1921 848 1989 horoscopum,
888 1921 931 1973 si
965 1920 1108 1972 Mars
1142 1921 1198 1972 in
1229 1920 1347 1989 ipsa
1378 1923 1531 1990 parte
1570 1919 1734 1972 fuerit
1765 1920 1841 1972 in-

151 1998 357 2062 ventUS,
397 1996 453 2047 in
486 1994 722 2047 humidis
762 1999 854 2047 aut
894 1995 946 2046 in
989 1994 1203 2063 aquosis
1243 1994 1376 2047 locis
1417 2013 1447 2046 a
1485 1994 1670 2046 bestiis
1709 1993 1842 2045 lace-

84 2091 125 2123 25
150 2070 253 2120 rati
309 2070 615 2121 morientur.
693 2068 756 2121 In
803 2067 996 2121 XXIX.
1037 2072 1188 2136 parte
1228 2068 1462 2121 Piscium
1516 2068 1840 2137 quicumque

152 2143 399 2196 habuerit
454 2143 826 2211 horoscopum,
881 2143 926 2194 si
981 2141 1225 2211 Iuppiter
1278 2146 1331 2195 et
1378 2142 1561 2195 Venus
1616 2142 1670 2194 in
1727 2143 1842 2210 ipsa

151 2222 301 2285 parte
355 2217 556 2269 fuerint
610 2218 871 2286 collocati,
926 2220 978 2268 et
1029 2217 1181 2269 Luna
1229 2217 1363 2269 bene
1410 2217 1587 2285 posita
1632 2216 2003 2285 fueritsomuvz

150 2292 322 2359 <erit>
358 2291 555 2343 nobilis
596 2292 740 2344 dives
781 2309 875 2360 per
914 2309 1070 2343 omne
1103 2310 1292 2344 aevum
1324 2290 1467 2343 felix.
1532 2290 1639 2343 Sua
1671 2293 1842 2343 morte

152 2366 373 2418 deficiet.
452 2364 514 2416 ln
554 2364 719 2417 XXX.
760 2369 911 2433 parte
950 2365 1185 2417 Piscium
1234 2366 1555 2434 quicumque
1595 2365 1927 2417 habueritll

84 2462 127 2492 30
151 2440 527 2508 horoscopum,
567 2439 786 2491 habebit
824 2440 990 2492 vitam
1032 2440 1086 2490 in
1127 2441 1276 2509 mari,
1317 2441 1418 2492 erit
1458 2458 1666 2509 semper
1696 2439 1840 2491 labo-

271 2621 291 2660 1
327 2615 486 2658 multis
526 2633 552 2659 κ
633 2616 639 2672 Ι
719 2621 824 2659 ante
862 2615 1141 2659 verecundia
1182 2616 1363 2660 videtur
1406 2616 1583 2672 aliquid
1625 2615 1841 2659 eoecidisse

210 2679 324 2717 3—8
358 2675 463 2718 add.
497 2679 536 2716 N
658 2679 680 2717 7
714 2674 933 2718 habuerit
962 2679 1002 2716 II
1129 2679 1155 2717 8
1187 2676 1294 2719 add.
1326 2680 1365 2717 N
1496 2679 1548 2717 10
1583 2675 1629 2731 a]
1663 2674 1710 2716 in
1742 2678 1781 2715 II

154 2740 205 2777 12
238 2733 415 2776 habens
447 2733 570 2777 vitae
603 2734 643 2790 ζ]
682 2733 878 2777 habebit
910 2733 1051 2790 (vitae
1083 2735 1189 2778 add.
1223 2740 1264 2778 et
1294 2737 1338 2790 a)
1462 2739 1516 2777 16
1548 2733 1766 2777 habuerit
1798 2735 1837 2776 Δ

212 2798 264 2836 17
298 2793 566 2836 testimonio
594 2797 674 2835 GN
797 2797 850 2835 18
883 2792 1153 2837 mediastini
1178 2796 1217 2836 Δ
1243 2795 1299 2848 ef.
1327 2795 1388 2837 acl
1413 2797 1513 2845 324,
1530 2805 1552 2835 8
1674 2797 1726 2835 21
1758 2805 1842 2847 per

150 2867 231 2896 om.
260 2852 307 2894 A'
369 2855 374 2908 Ι
431 2866 672 2908 pererrans
705 2855 742 2893 A
799 2856 804 2906 ξ
862 2852 902 2895 is
932 2854 998 2909 ΓΙ
1032 2867 1059 2896 a
1084 2856 1122 2896 Δ
1246 2858 1301 2895 22
1334 2868 1378 2908 p.
1412 2851 1616 2894 XXVIII.
1650 2851 1700 2895 P.
1733 2852 1839 2908 AG]

151 2911 353 2955 XXVIII.
379 2927 423 2967 p.
449 2912 497 2955 P.
525 2916 560 2953 A
592 2911 794 2954 XXVIII.
824 2911 870 2954 P.
896 2927 939 2967 p.
966 2927 994 2954 v
1116 2917 1171 2955 23
1204 2911 1421 2956 habuerit
1446 2911 1545 2954 ΝΔ
1670 2915 1724 2954 24
1758 2914 1840 2954 aut

151 2971 336 3026 aquosis
364 2974 402 3014 Δ
526 2976 580 3014 28
613 2971 719 3014 add.
745 2974 781 3012 A
903 2975 957 3013 29
990 2986 1034 3026 p.
1069 2971 1206 3014 XXX.
1242 2975 1280 3014 Δ

1483 3045 1569 3087 23*
