2100 3186
267 122 380 174 234
1002 122 1231 167 FIRMICI

266 243 458 297 ceteris
506 243 583 295 sic
630 244 768 295 sicut
816 243 1045 295 diximus
1087 243 1366 313 ordinatiS,
1414 246 1506 295 aut
1551 244 1608 296 in
1654 243 1957 296 cardinibus

265 316 434 386 positi
473 320 566 369 aut
603 316 659 368 in
699 316 978 385 oportunis
1018 316 1295 386 geniturae
1325 317 1460 371 locis
1494 315 1674 370 Solem
1705 335 1958 387 prospera

266 390 563 444 radiatione
608 391 960 459 respexerint,
1014 391 1331 459 praecedens
1377 391 1544 460 patris
1599 391 1957 444 infortunium

262 464 563 536 mitigatur3
599 465 644 517 si
683 464 913 532 Lunam,
953 465 1152 517 matris.
1217 463 1275 517 Si
1313 483 1438 517 vero
1481 466 1779 534 opitulante
1811 465 1958 519 beni-

266 538 390 591 vola
429 541 583 591 stella
631 542 683 591 et
729 539 807 591 sic
854 540 990 591 sicut
1037 539 1268 591 diximus
1307 539 1505 608 posita,
1558 540 1804 592 dominus
1844 540 1957 592 eius
2005 561 2023 593 ⁵

267 613 408 682 signi
455 613 511 664 in
557 631 663 681 quo
711 616 792 665 est
836 612 1085 666 benivola
1131 615 1285 665 stella
1332 615 1592 667 collocata
1640 631 1760 666 cum
1812 613 1959 666 mali-

265 686 403 739 volis
443 687 612 739 stellis
659 686 744 739 vel
791 704 910 739 cum
961 685 1084 739 Sole
1122 687 1287 739 fuerit
1325 687 1597 757 inventuS‚
1643 687 1701 739 in
1749 705 1958 756 praece-

211 769 215 772 ’
266 760 412 812 denti
452 760 655 814 scilicet
694 761 989 814 deiectione
1030 780 1134 829 qua
1174 761 1406 813 diximus
1413 804 1428 831 7
1479 761 1774 814 infortunia
1811 779 1959 830 prae-

266 835 406 887 dicta
453 835 593 887 circa
642 838 849 903 patrem
897 835 983 887 vel
1035 838 1260 888 matrem
1313 835 1507 888 fortius
1564 835 1954 888 convalescunt.

211 906 369 961 7Sed
422 909 728 977 stequenter
782 926 903 961 cum
957 909 1271 978 temporalis
1316 907 1561 978 Iuppiter
1614 909 1679 961 ad
1724 909 1953 962 Martem
1982 931 2023 962 ιο

263 982 389 1051 <111>
428 984 674 1052 genitura
711 984 936 1052 venerit,
983 984 1069 1036 vel
1120 984 1165 1036 si
1205 1001 1326 1036 eum
1367 984 1624 1052 quadrata
1663 983 1959 1036 radiatione

263 1056 469 1125 viderit,
507 1057 650 1126 patri
689 1076 833 1110 mors
866 1057 1126 1110 afferetur.
1202 1056 1323 1109 Hoc
1360 1057 1502 1110 idem
1536 1057 1795 1110 Saturnus
1827 1060 1958 1110 tem-

263 1132 461 1200 poralis
500 1131 659 1184 faciet
700 1132 744 1184 si
772 1130 965 1196 ‚Solem
1013 1132 1070 1183 in
1118 1133 1365 1202 genitura
1410 1133 1648 1201 positum
1701 1132 1958 1200 quadrata

263 1208 356 1257 aut
394 1205 653 1258 diametra
691 1206 987 1258 radiatione
1024 1207 1289 1274 respiciat.
1367 1204 1426 1258 Si
1463 1224 1589 1258 vero
1630 1205 1734 1259 1106
1773 1205 1956 1258 Lunae

267 1277 529 1332 Saturnus
566 1280 753 1333 fecerit
797 1280 1107 1348 temporalis
1117 1323 1130 1349 ‚
1179 1282 1349 1332 mater
1395 1280 1674 1348 morietur,
1722 1280 1814 1332 sed
1856 1279 1960 1332 hoc
1984 1299 2024 1331 15

263 1371 372 1405 non
419 1372 626 1422 semper
673 1354 763 1406 sed
810 1372 932 1406 cum
979 1354 1238 1423 temporis
1285 1353 1422 1406 ratio
1471 1355 1729 1425 exegerit,
1778 1372 1960 1407 secun-

265 1428 390 1479 dum
446 1430 721 1480 stellarum
770 1427 1006 1480 dominia
1061 1429 1124 1480 de
1173 1427 1366 1497 quibus
1419 1432 1541 1481 ante
1593 1429 1957 1481 tractavimus

207 1501 245 1554 8
266 1499 323 1553 Si
369 1521 495 1554 vero
542 1502 645 1555 1106
694 1502 961 1571 partiliter
1007 1503 1240 1555 volueris
1291 1502 1551 1569 invenire,
1594 1522 1709 1551 *ηε*
1730 1522 1756 1550 *
1777 1523 1802 1550 »ι
1843 1521 1958 1571 per-

263 1579 510 1646 tractare3
550 1577 684 1643 †est
724 1577 865 1629 enim
904 1577 1006 1629 tibi
1044 1576 1304 1629 absconsa
1344 1579 1397 1628 et
1435 1576 1621 1629 multis
1668 1577 1952 1646 generibus

265 1650 648 1718 conprobatam
673 1653 985 1703 monstrant.
1051 1650 1106 1702 Si
1131 1651 1293 1703 fuerit
1318 1650 1508 1703 diurna
1539 1651 1801 1720 genitura,
1836 1669 1956 1703 con-
1983 1669 2025 1701 20

262 1726 394 1792 puta
432 1742 462 1775 a
504 1723 627 1777 Sole
665 1743 833 1792 usque
874 1725 938 1776 ad
978 1724 1186 1776 Lunam
1235 1726 1414 1777 omnia
1460 1725 1611 1794 signa
1652 1742 1786 1792 quae
1832 1728 1958 1777 sunt

264 1798 329 1849 ad
378 1798 618 1850 ordinem
673 1799 870 1867 posita,
925 1801 978 1850 et
1027 1801 1488 1866 quantuscumque
1536 1799 1812 1868 signorum
1863 1817 1959 1850 nu-

263 1890 440 1924 merus
488 1874 741 1925 collectus
793 1873 956 1924 fuerit
966 1914 980 1940 ,
1032 1876 1242 1924 tantum
1297 1890 1479 1924 rursus
1535 1872 1600 1924 ab
1656 1873 1955 1941 horoscopo

265 1949 511 2014 conputa‚
552 1949 605 1998 et
644 1947 689 1997 si
723 1946 900 1999 ultimi
933 1947 1075 2016 signi
1106 1965 1356 1999 numerus
1388 1947 1445 1998 in
1475 1945 1768 1999 masculino
1803 1946 1956 2016 signo

262 2019 426 2072 fuerit
464 2020 727 2088 inventuS,
766 2025 918 2089 pater
956 2021 1104 2090 prior
1142 2020 1406 2089 interibit,
1453 2021 1499 2073 si
1538 2038 1664 2073 vero
1711 2020 1768 2072 in
1806 2021 1956 2072 femi-
1981 2038 2022 2070 25

208 2093 390 2145 9nino
431 2098 610 2147 mater.
689 2093 750 2145 In
789 2098 1051 2147 nocturna
1097 2095 1201 2148 hoc
1248 2094 1388 2147 idem
1435 2097 1700 2148 inmutata
1747 2095 1954 2147 ratione

264 2168 549 2238 colligitur.
628 2167 686 2220 Si
724 2167 902 2237 itaque
942 2169 1105 2220 fuerit
1143 2172 1404 2221 nocturna
1443 2169 1703 2239 genitura,
1743 2187 1774 2219 a
1803 2167 1956 2219 Luna

264 2241 519 2294 inchoans
583 2261 749 2310 usque
811 2243 877 2294 ad
934 2242 1112 2295 Solem
1176 2246 1407 2311 conputa
1470 2243 1649 2294 omnia
1712 2241 1957 2294 similiter

385 2393 406 2430 1
442 2388 608 2431 ceteris
640 2402 722 2431 om.
749 2390 787 2430 Δ
913 2393 937 2430 2
971 2388 1137 2443 positis
1162 2402 1274 2432 corr.
1301 2404 1327 2430 a
1353 2387 1549 2443 (positus
1567 2390 1620 2443 A)
1743 2391 1955 2443 3168116-

263 2446 383 2489 xerit
411 2449 456 2490 Γ
502 2448 507 2502 Ι
557 2447 888 2502 praecedentia
918 2462 962 2503 p.
995 2446 1256 2490 infortunia
1286 2447 1564 2502 mitigantur
1591 2449 1679 2490 AG
1799 2452 1826 2488 4
1858 2459 1955 2488 ma—

263 2505 348 2548 tris
378 2506 440 2562 Γ]
469 2505 632 2548 Martis
658 2508 696 2548 A
822 2510 846 2548 5
880 2506 945 2548 sic
970 2519 1053 2550 om.
1072 2509 1159 2550 AG
1280 2510 1306 2549 8
1339 2507 1450 2563 qua]
1480 2507 1535 2560 cf.
1563 2507 1772 2550 Foerster
1794 2506 1952 2549 Jahrb.

263 2564 422 2620 Suppl.
444 2565 544 2607 XX
557 2566 657 2609 VII
666 2568 757 2608 184
850 2570 873 2608 9
899 2565 1066 2608 fortius
1092 2570 1124 2607 B
1148 2571 1201 2609 ut
1224 2565 1420 2623 videtur]
1446 2565 1601 2620 potius
1627 2569 1756 2606 AGN
1780 2579 1862 2608 om.
1881 2570 1954 2606 Dv

326 2628 380 2666 10
414 2624 612 2666 Martem
644 2624 766 2682 <111>
798 2625 1015 2681 genitura
1046 2624 1085 2682 ζ]
1122 2625 1321 2667 Martem
1352 2624 1598 2681 geniturae
1630 2626 1668 2666 Δ
1714 2623 1863 2666 Marte
1890 2623 1957 2680 sssf

264 2682 508 2738 geniturae
542 2687 578 2724 A
618 2683 779 2726 Martis
812 2683 1056 2740 geniturae
1088 2687 1159 2725 Bv
1198 2684 1334 2727 Mart.
1368 2683 1611 2739 geniturae
1644 2687 1677 2724 Θ
1800 2687 1851 2724 12
1887 2682 1954 2724 af-

265 2742 411 2784 fertur
438 2744 484 2785 Γ
595 2746 647 2784 18
672 2755 777 2785 vero
803 2742 890 2786 hoc
915 2742 955 2800 ζ]
980 2756 1084 2786 vere
1110 2755 1163 2786 ac
1214 2745 1218 2798 Ι
1269 2743 1436 2786 excidit
1458 2743 1572 2796 fere.-
1595 2741 1954 2797 myriogenesim

264 2800 458 2843 debebis
484 2818 510 2843 κ
549 2803 555 2854 Ι
596 2802 883 2856 pertractare
908 2802 990 2844 del.
1018 2815 1042 2844 σ
1166 2806 1219 2845 19
1246 2803 1317 2844 est
1342 2801 1484 2858 enim]
1510 2801 1625 2844 haec
1651 2800 1773 2843 enim
1798 2817 1824 2843 κ
1856 2812 1953 2842 rem

267 2873 292 2901 σ
328 2859 334 2916 1
370 2859 642 2902 absconsam
667 2874 716 2903 6·
803 2865 857 2903 20
883 2860 1169 2915 conprobata
1193 2876 1258 2902 vu
1294 2862 1299 2916 Ι
1333 2862 1562 2903 monstrat
1586 2864 1659 2902 An
1684 2859 1952 2902 monstrabo

265 2932 293 2960 σ
412 2923 468 2961 24
502 2921 740 2974 computas
767 2922 853 2962 AG
895 2921 899 2974 Ι
944 2919 1074 2974 signo
1107 2933 1189 2962 om.
1217 2922 1255 2961 Δ
1380 2923 1433 2962 27
1467 2919 1516 2961 in
1547 2920 1774 2962 nocturna
1802 2920 1848 2961 Γ
