<?xml version="1.0" encoding="UTF-8"?>
<!DOCTYPE html PUBLIC "-//W3C//DTD XHTML 1.0 Transitional//EN"
    "http://www.w3.org/TR/xhtml1/DTD/xhtml1-transitional.dtd">
<html xmlns="http://www.w3.org/1999/xhtml" xml:lang="en" lang="en">
 <head>
  <title>
</title>
<meta http-equiv="Content-Type" content="text/html;charset=utf-8" />
  <meta name='ocr-system' content='tesseract 3.04.00' />
  <meta name='ocr-capabilities' content='ocr_page ocr_carea ocr_par ocr_line ocrx_word'/>
</head>
<body>
  <div class='ocr_page' id='page_1' title='image "./matheseoslibrivi02firmuoft_0205.png"; bbox 0 0 2078 3174; ppageno 0'>
   <div class='ocr_carea' id='block_1_1' title="bbox 843 145 1889 202">
    <p class='ocr_par' dir='ltr' id='par_1_1' title="bbox 843 145 1889 202">
     <span class='ocr_line' id='line_1_1' title="bbox 843 145 1889 202; baseline 0.011 -14"><span class='ocrx_word' id='word_1_1' title='bbox 843 145 908 190; x_wconf 83' lang='lat' dir='ltr'>VI</span> <span class='ocrx_word' id='word_1_2' title='bbox 941 150 1011 202; x_wconf 79' lang='lat'>26,</span> <span class='ocrx_word' id='word_1_3' title='bbox 1037 150 1190 199; x_wconf 79' lang='lat'><em>1—27,</em></span> <span class='ocrx_word' id='word_1_4' title='bbox 1217 159 1250 190; x_wconf 70' lang='grc' dir='ltr'>ε.</span> <span class='ocrx_word' id='word_1_5' title='bbox 1325 192 1327 194; x_wconf 80' lang='grc'><strong>,</strong></span> <span class='ocrx_word' id='word_1_6' title='bbox 1784 147 1889 199; x_wconf 82' lang='grc'>131</span> 
     </span>
    </p>
   </div>
   <div class='ocr_carea' id='block_1_2' title="bbox 125 264 1942 1596">
    <p class='ocr_par' dir='ltr' id='par_1_2' title="bbox 197 264 1942 558">
     <span class='ocr_line' id='line_1_2' title="bbox 311 264 1942 337; baseline 0.001 -17"><span class='ocrx_word' id='word_1_7' title='bbox 311 267 723 337; x_wconf 85' lang='lat' dir='ltr'>[Coniunctio</span> <span class='ocrx_word' id='word_1_8' title='bbox 778 266 990 320; x_wconf 86' lang='lat' dir='ltr'>Lunae</span> <span class='ocrx_word' id='word_1_9' title='bbox 1045 269 1106 319; x_wconf 92' lang='lat' dir='ltr'>et</span> <span class='ocrx_word' id='word_1_10' title='bbox 1158 265 1470 334; x_wconf 72' lang='lat' dir='ltr'>Veneris]</span> <span class='ocrx_word' id='word_1_11' title='bbox 1528 264 1584 318; x_wconf 91' lang='lat' dir='ltr'>Si</span> <span class='ocrx_word' id='word_1_12' title='bbox 1635 266 1789 319; x_wconf 90' lang='lat' dir='ltr'>Luna</span> <span class='ocrx_word' id='word_1_13' title='bbox 1838 268 1942 322; x_wconf 82' lang='lat' dir='ltr'>et5</span> 
     </span>
     <span class='ocr_line' id='line_1_3' title="bbox 198 340 1892 411; baseline 0.001 -18"><span class='ocrx_word' id='word_1_14' title='bbox 198 342 381 394; x_wconf 91' lang='lat' dir='ltr'>Venus</span> <span class='ocrx_word' id='word_1_15' title='bbox 436 341 492 394; x_wconf 91' lang='lat' dir='ltr'>in</span> <span class='ocrx_word' id='word_1_16' title='bbox 546 342 731 395; x_wconf 90' lang='lat' dir='ltr'>eodem</span> <span class='ocrx_word' id='word_1_17' title='bbox 786 341 941 411; x_wconf 88' lang='lat' dir='ltr'>signo</span> <span class='ocrx_word' id='word_1_18' title='bbox 994 341 1196 409; x_wconf 89' lang='lat' dir='ltr'>pariter</span> <span class='ocrx_word' id='word_1_19' title='bbox 1249 340 1573 393; x_wconf 72' lang='lat' dir='ltr'>constitutae</span> <span class='ocrx_word' id='word_1_20' title='bbox 1624 341 1892 409; x_wconf 86' lang='lat' dir='ltr'>aequabili</span> 
     </span>
     <span class='ocr_line' id='line_1_4' title="bbox 197 413 1892 485; baseline 0 -18"><span class='ocrx_word' id='word_1_21' title='bbox 197 415 469 468; x_wconf 88' lang='lat' dir='ltr'>societatis</span> <span class='ocrx_word' id='word_1_22' title='bbox 508 418 776 485; x_wconf 83' lang='lat' dir='ltr'>potestate</span> <span class='ocrx_word' id='word_1_23' title='bbox 814 414 1120 485; x_wconf 87' lang='lat' dir='ltr'>iungantur,</span> <span class='ocrx_word' id='word_1_24' title='bbox 1157 413 1326 466; x_wconf 89' lang='lat' dir='ltr'>nimia</span> <span class='ocrx_word' id='word_1_25' title='bbox 1355 413 1539 480; x_wconf 82' lang='lat' dir='ltr'>†viris</span> <span class='ocrx_word' id='word_1_26' title='bbox 1579 421 1892 468; x_wconf 88' lang='lat' dir='ltr'>ornamenta</span> 
     </span>
     <span class='ocr_line' id='line_1_5' title="bbox 197 487 1890 558; baseline 0 -16"><span class='ocrx_word' id='word_1_27' title='bbox 197 490 499 542; x_wconf 87' lang='lat' dir='ltr'>decernunt.</span> <span class='ocrx_word' id='word_1_28' title='bbox 577 489 682 542; x_wconf 87' lang='lat' dir='ltr'>Sed</span> <span class='ocrx_word' id='word_1_29' title='bbox 731 489 831 541; x_wconf 90' lang='lat' dir='ltr'>hos</span> <span class='ocrx_word' id='word_1_30' title='bbox 879 488 1092 541; x_wconf 88' lang='lat' dir='ltr'>eosdem</span> <span class='ocrx_word' id='word_1_31' title='bbox 1135 490 1290 558; x_wconf 91' lang='lat' dir='ltr'>grata</span> <span class='ocrx_word' id='word_1_32' title='bbox 1334 487 1752 557; x_wconf 81' lang='lat' dir='ltr'>pulchritudinis</span> <span class='ocrx_word' id='word_1_33' title='bbox 1797 490 1890 542; x_wconf 91' lang='lat' dir='ltr'>ho-</span> 
     </span>
    </p>

    <p class='ocr_par' dir='ltr' id='par_1_3' title="bbox 152 562 1940 928">
     <span class='ocr_line' id='line_1_6' title="bbox 152 562 1890 632; baseline -0.001 -15"><span class='ocrx_word' id='word_1_34' title='bbox 152 585 171 617; x_wconf 78' lang='grc'>5</span> <span class='ocrx_word' id='word_1_35' title='bbox 197 566 403 616; x_wconf 89' lang='lat' dir='ltr'>nestate</span> <span class='ocrx_word' id='word_1_36' title='bbox 449 563 819 631; x_wconf 81' lang='lat' dir='ltr'>condecorant,</span> <span class='ocrx_word' id='word_1_37' title='bbox 868 565 922 614; x_wconf 93' lang='lat' dir='ltr'>et</span> <span class='ocrx_word' id='word_1_38' title='bbox 965 562 1171 615; x_wconf 89' lang='lat' dir='ltr'>faciunt</span> <span class='ocrx_word' id='word_1_39' title='bbox 1210 562 1473 632; x_wconf 86' lang='lat' dir='ltr'>dignitate</span> <span class='ocrx_word' id='word_1_40' title='bbox 1511 562 1770 615; x_wconf 85' lang='lat' dir='ltr'>bonitatis</span> <span class='ocrx_word' id='word_1_41' title='bbox 1811 582 1890 616; x_wconf 92' lang='lat' dir='ltr'>or-</span> 
     </span>
     <span class='ocr_line' id='line_1_7' title="bbox 194 636 1890 705; baseline 0 -16"><span class='ocrx_word' id='word_1_42' title='bbox 194 637 325 690; x_wconf 85' lang='lat' dir='ltr'>nari.</span> <span class='ocrx_word' id='word_1_43' title='bbox 403 636 507 690; x_wconf 86' lang='lat' dir='ltr'>Sed</span> <span class='ocrx_word' id='word_1_44' title='bbox 544 637 762 705; x_wconf 86' lang='lat' dir='ltr'>nuptias</span> <span class='ocrx_word' id='word_1_45' title='bbox 802 636 910 689; x_wconf 84' lang='lat' dir='ltr'>illis</span> <span class='ocrx_word' id='word_1_46' title='bbox 950 636 1230 689; x_wconf 88' lang='lat' dir='ltr'>instabiles</span> <span class='ocrx_word' id='word_1_47' title='bbox 1274 654 1484 704; x_wconf 86' lang='lat' dir='ltr'>semper</span> <span class='ocrx_word' id='word_1_48' title='bbox 1522 654 1588 688; x_wconf 86' lang='lat' dir='ltr'>ex</span> <span class='ocrx_word' id='word_1_49' title='bbox 1625 637 1729 689; x_wconf 87' lang='lat' dir='ltr'>ista</span> <span class='ocrx_word' id='word_1_50' title='bbox 1767 656 1890 691; x_wconf 91' lang='lat' dir='ltr'>con-</span> 
     </span>
     <span class='ocr_line' id='line_1_8' title="bbox 195 709 1890 778; baseline 0 -15"><span class='ocrx_word' id='word_1_51' title='bbox 195 711 467 764; x_wconf 89' lang='lat' dir='ltr'>iunctione</span> <span class='ocrx_word' id='word_1_52' title='bbox 506 711 810 764; x_wconf 87' lang='lat' dir='ltr'>decernunt.</span> <span class='ocrx_word' id='word_1_53' title='bbox 886 709 1085 763; x_wconf 88' lang='lat' dir='ltr'>Nullus</span> <span class='ocrx_word' id='word_1_54' title='bbox 1126 711 1268 763; x_wconf 91' lang='lat' dir='ltr'>enim</span> <span class='ocrx_word' id='word_1_55' title='bbox 1307 711 1508 778; x_wconf 88' lang='lat' dir='ltr'>pariter</span> <span class='ocrx_word' id='word_1_56' title='bbox 1544 710 1747 763; x_wconf 88' lang='lat' dir='ltr'>habens</span> <span class='ocrx_word' id='word_1_57' title='bbox 1786 712 1890 764; x_wconf 91' lang='lat' dir='ltr'>Lu-</span> 
     </span>
     <span class='ocr_line' id='line_1_9' title="bbox 192 784 1888 838; baseline 0.001 -1"><span class='ocrx_word' id='word_1_58' title='bbox 192 804 317 837; x_wconf 85' lang='lat' dir='ltr'>nam</span> <span class='ocrx_word' id='word_1_59' title='bbox 357 803 417 837; x_wconf 86' lang='lat' dir='ltr'>ae</span> <span class='ocrx_word' id='word_1_60' title='bbox 449 784 713 838; x_wconf 87' lang='lat' dir='ltr'>Venerem</span> <span class='ocrx_word' id='word_1_61' title='bbox 751 785 809 836; x_wconf 90' lang='lat' dir='ltr'>in</span> <span class='ocrx_word' id='word_1_62' title='bbox 844 784 1038 837; x_wconf 87' lang='lat' dir='ltr'>affectu</span> <span class='ocrx_word' id='word_1_63' title='bbox 1077 785 1259 837; x_wconf 86' lang='lat' dir='ltr'>uxoris</span> <span class='ocrx_word' id='word_1_64' title='bbox 1298 784 1522 836; x_wconf 87' lang='lat' dir='ltr'>fundato</span> <span class='ocrx_word' id='word_1_65' title='bbox 1556 803 1616 836; x_wconf 91' lang='lat' dir='ltr'>ac</span> <span class='ocrx_word' id='word_1_66' title='bbox 1647 785 1888 838; x_wconf 88' lang='lat' dir='ltr'>stabilito</span> 
     </span>
     <span class='ocr_line' id='line_1_10' title="bbox 194 857 1940 928; baseline 0.001 -17"><span class='ocrx_word' id='word_1_67' title='bbox 194 860 388 912; x_wconf 90' lang='lat' dir='ltr'>amoris</span> <span class='ocrx_word' id='word_1_68' title='bbox 440 859 637 912; x_wconf 88' lang='lat' dir='ltr'>iudicio</span> <span class='ocrx_word' id='word_1_69' title='bbox 687 861 1002 928; x_wconf 86' lang='lat' dir='ltr'>perseverat.</span> <span class='ocrx_word' id='word_1_70' title='bbox 1081 857 1186 911; x_wconf 88' lang='lat' dir='ltr'>Sed</span> <span class='ocrx_word' id='word_1_71' title='bbox 1235 861 1289 911; x_wconf 92' lang='lat' dir='ltr'>et</span> <span class='ocrx_word' id='word_1_72' title='bbox 1335 859 1518 911; x_wconf 89' lang='lat' dir='ltr'>uxoris</span> <span class='ocrx_word' id='word_1_73' title='bbox 1564 857 1770 912; x_wconf 92' lang='lat' dir='ltr'>animos</span> <span class='ocrx_word' id='word_1_74' title='bbox 1820 860 1886 912; x_wconf 91' lang='lat' dir='ltr'>ab</span> <span class='ocrx_word' id='word_1_75' title='bbox 1907 862 1940 912; x_wconf 86' lang='grc'><strong>6</strong></span> 
     </span>
    </p>

    <p class='ocr_par' dir='ltr' id='par_1_4' title="bbox 127 932 1890 1298">
     <span class='ocr_line' id='line_1_11' title="bbox 127 932 1888 1003; baseline 0 -17"><span class='ocrx_word' id='word_1_76' title='bbox 127 955 168 986; x_wconf 93' lang='lat'>10</span> <span class='ocrx_word' id='word_1_77' title='bbox 193 934 387 986; x_wconf 87' lang='lat' dir='ltr'>affectu</span> <span class='ocrx_word' id='word_1_78' title='bbox 426 951 523 986; x_wconf 89' lang='lat' dir='ltr'>suo</span> <span class='ocrx_word' id='word_1_79' title='bbox 562 934 696 986; x_wconf 86' lang='lat' dir='ltr'>vitio</span> <span class='ocrx_word' id='word_1_80' title='bbox 736 933 1092 1002; x_wconf 86' lang='lat' dir='ltr'>cupiditatum</span> <span class='ocrx_word' id='word_1_81' title='bbox 1132 951 1349 985; x_wconf 90' lang='lat' dir='ltr'>suarum</span> <span class='ocrx_word' id='word_1_82' title='bbox 1383 932 1603 985; x_wconf 90' lang='lat' dir='ltr'>alienari</span> <span class='ocrx_word' id='word_1_83' title='bbox 1633 933 1888 1003; x_wconf 87' lang='lat' dir='ltr'>perficiet,</span> 
     </span>
     <span class='ocr_line' id='line_1_12' title="bbox 192 1006 1888 1077; baseline 0.001 -18"><span class='ocrx_word' id='word_1_84' title='bbox 192 1007 486 1060; x_wconf 86' lang='lat' dir='ltr'>alienarum</span> <span class='ocrx_word' id='word_1_85' title='bbox 524 1007 810 1060; x_wconf 88' lang='lat' dir='ltr'>mulierum</span> <span class='ocrx_word' id='word_1_86' title='bbox 850 1006 1166 1061; x_wconf 88' lang='lat' dir='ltr'>concubitus</span> <span class='ocrx_word' id='word_1_87' title='bbox 1205 1025 1376 1076; x_wconf 91' lang='lat' dir='ltr'>prono</span> <span class='ocrx_word' id='word_1_88' title='bbox 1410 1006 1713 1060; x_wconf 88' lang='lat' dir='ltr'>desiderans</span> <span class='ocrx_word' id='word_1_89' title='bbox 1746 1008 1888 1077; x_wconf 89' lang='lat' dir='ltr'>cupi·</span> 
     </span>
     <span class='ocr_line' id='line_1_13' title="bbox 192 1080 1890 1152; baseline 0.001 -19"><span class='ocrx_word' id='word_1_90' title='bbox 192 1081 374 1134; x_wconf 91' lang='lat' dir='ltr'>ditatis</span> <span class='ocrx_word' id='word_1_91' title='bbox 414 1081 613 1134; x_wconf 89' lang='lat' dir='ltr'>ardore.</span> <span class='ocrx_word' id='word_1_92' title='bbox 690 1080 840 1134; x_wconf 92' lang='lat' dir='ltr'>Idem</span> <span class='ocrx_word' id='word_1_93' title='bbox 887 1081 1048 1133; x_wconf 91' lang='lat' dir='ltr'>etiam</span> <span class='ocrx_word' id='word_1_94' title='bbox 1096 1099 1318 1134; x_wconf 87' lang='lat' dir='ltr'>uxorem</span> <span class='ocrx_word' id='word_1_95' title='bbox 1365 1099 1518 1133; x_wconf 89' lang='lat' dir='ltr'>suam</span> <span class='ocrx_word' id='word_1_96' title='bbox 1561 1081 1707 1152; x_wconf 83' lang='lat' dir='ltr'>cogit</span> <span class='ocrx_word' id='word_1_97' title='bbox 1746 1082 1890 1151; x_wconf 89' lang='lat' dir='ltr'>cupi-</span> 
     </span>
     <span class='ocr_line' id='line_1_14' title="bbox 191 1154 1890 1225; baseline 0 -17"><span class='ocrx_word' id='word_1_98' title='bbox 191 1155 449 1208; x_wconf 88' lang='lat' dir='ltr'>ditatibus</span> <span class='ocrx_word' id='word_1_99' title='bbox 487 1155 749 1225; x_wconf 78' lang='lat' dir='ltr'>inplicari,</span> <span class='ocrx_word' id='word_1_100' title='bbox 788 1159 849 1207; x_wconf 92' lang='lat' dir='ltr'>ut</span> <span class='ocrx_word' id='word_1_101' title='bbox 890 1155 1144 1224; x_wconf 87' lang='lat' dir='ltr'>quicquid</span> <span class='ocrx_word' id='word_1_102' title='bbox 1182 1156 1316 1224; x_wconf 88' lang='lat' dir='ltr'>ipsis</span> <span class='ocrx_word' id='word_1_103' title='bbox 1347 1154 1575 1224; x_wconf 86' lang='lat' dir='ltr'>passivis</span> <span class='ocrx_word' id='word_1_104' title='bbox 1608 1155 1890 1209; x_wconf 89' lang='lat' dir='ltr'>desiderio-</span> 
     </span>
     <span class='ocr_line' id='line_1_15' title="bbox 189 1229 1886 1298; baseline 0.001 -16"><span class='ocrx_word' id='word_1_105' title='bbox 189 1249 309 1282; x_wconf 89' lang='lat' dir='ltr'>rum</span> <span class='ocrx_word' id='word_1_106' title='bbox 349 1247 566 1282; x_wconf 90' lang='lat' dir='ltr'>suorum</span> <span class='ocrx_word' id='word_1_107' title='bbox 608 1229 992 1298; x_wconf 87' lang='lat' dir='ltr'>cupiditatibus</span> <span class='ocrx_word' id='word_1_108' title='bbox 1032 1229 1378 1297; x_wconf 85' lang='lat' dir='ltr'>†infedatur,</span> <span class='ocrx_word' id='word_1_109' title='bbox 1418 1229 1472 1282; x_wconf 94' lang='lat' dir='ltr'>id</span> <span class='ocrx_word' id='word_1_110' title='bbox 1510 1232 1686 1282; x_wconf 90' lang='lat' dir='ltr'>totum</span> <span class='ocrx_word' id='word_1_111' title='bbox 1726 1230 1886 1284; x_wconf 89' lang='lat' dir='ltr'>etiam</span> 
     </span>
    </p>

    <p class='ocr_par' dir='ltr' id='par_1_5' title="bbox 125 1303 1887 1596">
     <span class='ocr_line' id='line_1_16' title="bbox 125 1303 1887 1372; baseline 0.001 -16"><span class='ocrx_word' id='word_1_112' title='bbox 125 1325 164 1357; x_wconf 84' lang='lat'>15</span> <span class='ocrx_word' id='word_1_113' title='bbox 192 1304 346 1356; x_wconf 86' lang='lat' dir='ltr'>uxori</span> <span class='ocrx_word' id='word_1_114' title='bbox 387 1304 454 1356; x_wconf 90' lang='lat' dir='ltr'>ad</span> <span class='ocrx_word' id='word_1_115' title='bbox 493 1303 666 1356; x_wconf 89' lang='lat' dir='ltr'>simile</span> <span class='ocrx_word' id='word_1_116' title='bbox 699 1303 933 1356; x_wconf 90' lang='lat' dir='ltr'>studium</span> <span class='ocrx_word' id='word_1_117' title='bbox 967 1303 1262 1372; x_wconf 84' lang='lat' dir='ltr'>voluptatis</span> <span class='ocrx_word' id='word_1_118' title='bbox 1294 1303 1476 1356; x_wconf 90' lang='lat' dir='ltr'>mariti</span> <span class='ocrx_word' id='word_1_119' title='bbox 1508 1304 1733 1356; x_wconf 88' lang='lat' dir='ltr'>errantis</span> <span class='ocrx_word' id='word_1_120' title='bbox 1766 1323 1887 1372; x_wconf 86' lang='lat' dir='ltr'>pec-</span> 
     </span>
     <span class='ocr_line' id='line_1_17' title="bbox 189 1377 1883 1447; baseline 0.001 -17"><span class='ocrx_word' id='word_1_121' title='bbox 189 1381 306 1430; x_wconf 90' lang='lat' dir='ltr'>cata</span> <span class='ocrx_word' id='word_1_122' title='bbox 346 1378 721 1446; x_wconf 88' lang='lat' dir='ltr'>conmendent,</span> <span class='ocrx_word' id='word_1_123' title='bbox 771 1380 833 1430; x_wconf 90' lang='lat' dir='ltr'>ut</span> <span class='ocrx_word' id='word_1_124' title='bbox 880 1381 933 1430; x_wconf 92' lang='lat' dir='ltr'>et</span> <span class='ocrx_word' id='word_1_125' title='bbox 978 1378 1098 1446; x_wconf 89' lang='lat' dir='ltr'>ipsa</span> <span class='ocrx_word' id='word_1_126' title='bbox 1136 1377 1298 1430; x_wconf 89' lang='lat' dir='ltr'>faciat</span> <span class='ocrx_word' id='word_1_127' title='bbox 1338 1378 1594 1447; x_wconf 91' lang='lat' dir='ltr'>quicquid</span> <span class='ocrx_word' id='word_1_128' title='bbox 1633 1379 1883 1431; x_wconf 90' lang='lat' dir='ltr'>maritum</span> 
     </span>
     <span class='ocr_line' id='line_1_18' title="bbox 186 1451 1885 1522; baseline 0.001 -18"><span class='ocrx_word' id='word_1_129' title='bbox 186 1451 360 1504; x_wconf 87' lang='lat' dir='ltr'>facere</span> <span class='ocrx_word' id='word_1_130' title='bbox 414 1470 578 1522; x_wconf 86' lang='lat' dir='ltr'>prava</span> <span class='ocrx_word' id='word_1_131' title='bbox 633 1452 926 1522; x_wconf 87' lang='lat' dir='ltr'>cupiditate</span> <span class='ocrx_word' id='word_1_132' title='bbox 981 1452 1250 1522; x_wconf 85' lang='lat' dir='ltr'>cognovit,</span> <span class='ocrx_word' id='word_1_133' title='bbox 1301 1455 1364 1504; x_wconf 89' lang='lat' dir='ltr'>ut</span> <span class='ocrx_word' id='word_1_134' title='bbox 1410 1451 1618 1504; x_wconf 88' lang='lat' dir='ltr'>adulter</span> <span class='ocrx_word' id='word_1_135' title='bbox 1663 1452 1885 1505; x_wconf 87' lang='lat' dir='ltr'>maritus</span> 
     </span>
     <span class='ocr_line' id='line_1_19' title="bbox 187 1526 1754 1596; baseline 0.001 -18"><span class='ocrx_word' id='word_1_136' title='bbox 187 1526 298 1579; x_wconf 88' lang='lat' dir='ltr'>suis</span> <span class='ocrx_word' id='word_1_137' title='bbox 337 1526 661 1596; x_wconf 85' lang='lat' dir='ltr'>magisteriis</span> <span class='ocrx_word' id='word_1_138' title='bbox 700 1527 945 1579; x_wconf 86' lang='lat' dir='ltr'>inbutam</span> <span class='ocrx_word' id='word_1_139' title='bbox 985 1526 1282 1578; x_wconf 83' lang='lat' dir='ltr'>adulteram</span> <span class='ocrx_word' id='word_1_140' title='bbox 1321 1526 1482 1579; x_wconf 84' lang='lat' dir='ltr'>faciat</span> <span class='ocrx_word' id='word_1_141' title='bbox 1520 1544 1754 1579; x_wconf 86' lang='lat' dir='ltr'>uxorem.</span> 
     </span>
    </p>
   </div>
   <div class='ocr_carea' id='block_1_3' title="bbox 922 1673 1146 1728">
    <p class='ocr_par' dir='ltr' id='par_1_6' title="bbox 922 1673 1146 1728">
     <span class='ocr_line' id='line_1_20' title="bbox 922 1673 1146 1728; baseline 0.004 -2"><span class='ocrx_word' id='word_1_142' title='bbox 922 1673 1146 1728; x_wconf 90' lang='lat' dir='ltr'><strong>XXVII.</strong></span> 
     </span>
    </p>
   </div>
   <div class='ocr_carea' id='block_1_4' title="bbox 118 1762 1942 2277">
    <p class='ocr_par' dir='ltr' id='par_1_7' title="bbox 119 1762 1942 2129">
     <span class='ocr_line' id='line_1_21' title="bbox 119 1762 1932 1833; baseline -0.001 -17"><span class='ocrx_word' id='word_1_143' title='bbox 119 1785 161 1816; x_wconf 75' lang='lat'>20</span> <span class='ocrx_word' id='word_1_144' title='bbox 299 1762 709 1833; x_wconf 84' lang='lat' dir='ltr'>[Coniunctio</span> <span class='ocrx_word' id='word_1_145' title='bbox 757 1764 970 1816; x_wconf 92' lang='lat' dir='ltr'>Lunae</span> <span class='ocrx_word' id='word_1_146' title='bbox 1019 1767 1079 1816; x_wconf 93' lang='lat' dir='ltr'>et</span> <span class='ocrx_word' id='word_1_147' title='bbox 1125 1763 1470 1833; x_wconf 69' lang='lat' dir='ltr'>Mercurii]</span> <span class='ocrx_word' id='word_1_148' title='bbox 1535 1762 1594 1816; x_wconf 91' lang='lat' dir='ltr'>Si</span> <span class='ocrx_word' id='word_1_149' title='bbox 1630 1763 1783 1816; x_wconf 89' lang='lat' dir='ltr'>Luna</span> <span class='ocrx_word' id='word_1_150' title='bbox 1830 1764 1932 1817; x_wconf 88' lang='lat' dir='ltr'>etl</span> 
     </span>
     <span class='ocr_line' id='line_1_22' title="bbox 186 1836 1942 1907; baseline 0.001 -18"><span class='ocrx_word' id='word_1_151' title='bbox 186 1836 483 1890; x_wconf 90' lang='lat' dir='ltr'>Mercurius</span> <span class='ocrx_word' id='word_1_152' title='bbox 523 1839 722 1907; x_wconf 88' lang='lat' dir='ltr'>pariter</span> <span class='ocrx_word' id='word_1_153' title='bbox 762 1837 1008 1891; x_wconf 89' lang='lat' dir='ltr'>collocati</span> <span class='ocrx_word' id='word_1_154' title='bbox 1050 1841 1276 1906; x_wconf 88' lang='lat' dir='ltr'>aequata</span> <span class='ocrx_word' id='word_1_155' title='bbox 1316 1837 1587 1890; x_wconf 89' lang='lat' dir='ltr'>societatis</span> <span class='ocrx_word' id='word_1_156' title='bbox 1619 1841 1884 1907; x_wconf 87' lang='lat' dir='ltr'>potestate</span> <span class='ocrx_word' id='word_1_157' title='bbox 1937 1854 1942 1858; x_wconf 87' lang='lat'>·</span> 
     </span>
     <span class='ocr_line' id='line_1_23' title="bbox 188 1912 1884 1982; baseline 0.001 -20"><span class='ocrx_word' id='word_1_158' title='bbox 188 1912 492 1982; x_wconf 86' lang='lat' dir='ltr'>iungantur,</span> <span class='ocrx_word' id='word_1_159' title='bbox 536 1931 718 1965; x_wconf 89' lang='lat' dir='ltr'>omnes</span> <span class='ocrx_word' id='word_1_160' title='bbox 760 1912 1027 1965; x_wconf 88' lang='lat' dir='ltr'>doctrinas</span> <span class='ocrx_word' id='word_1_161' title='bbox 1068 1929 1190 1964; x_wconf 91' lang='lat' dir='ltr'>cum</span> <span class='ocrx_word' id='word_1_162' title='bbox 1229 1913 1464 1964; x_wconf 86' lang='lat' dir='ltr'>maxima</span> <span class='ocrx_word' id='word_1_163' title='bbox 1502 1915 1767 1981; x_wconf 88' lang='lat' dir='ltr'>potestate</span> <span class='ocrx_word' id='word_1_164' title='bbox 1807 1914 1884 1964; x_wconf 90' lang='lat' dir='ltr'>in-</span> 
     </span>
     <span class='ocr_line' id='line_1_24' title="bbox 187 1985 1884 2055; baseline 0.001 -18"><span class='ocrx_word' id='word_1_165' title='bbox 187 1986 414 2038; x_wconf 89' lang='lat' dir='ltr'>sinuant.</span> <span class='ocrx_word' id='word_1_166' title='bbox 491 1985 633 2038; x_wconf 89' lang='lat' dir='ltr'>Nam</span> <span class='ocrx_word' id='word_1_167' title='bbox 681 1986 773 2055; x_wconf 89' lang='lat' dir='ltr'>qui</span> <span class='ocrx_word' id='word_1_168' title='bbox 821 1986 981 2039; x_wconf 90' lang='lat' dir='ltr'>simul</span> <span class='ocrx_word' id='word_1_169' title='bbox 1018 1986 1305 2038; x_wconf 91' lang='lat' dir='ltr'>habuerint</span> <span class='ocrx_word' id='word_1_170' title='bbox 1342 1986 1549 2038; x_wconf 91' lang='lat' dir='ltr'>Lunam</span> <span class='ocrx_word' id='word_1_171' title='bbox 1589 1989 1642 2038; x_wconf 90' lang='lat' dir='ltr'>et</span> <span class='ocrx_word' id='word_1_172' title='bbox 1680 1986 1884 2038; x_wconf 90' lang='lat' dir='ltr'>Mercu-</span> 
     </span>
     <span class='ocr_line' id='line_1_25' title="bbox 185 2059 1883 2129; baseline 0.001 -18"><span class='ocrx_word' id='word_1_173' title='bbox 185 2059 339 2126; x_wconf 82' lang='lat' dir='ltr'>rium,</span> <span class='ocrx_word' id='word_1_174' title='bbox 386 2061 566 2113; x_wconf 91' lang='lat' dir='ltr'>omnia</span> <span class='ocrx_word' id='word_1_175' title='bbox 613 2078 748 2129; x_wconf 90' lang='lat' dir='ltr'>quae</span> <span class='ocrx_word' id='word_1_176' title='bbox 796 2060 1009 2113; x_wconf 90' lang='lat' dir='ltr'>discunt</span> <span class='ocrx_word' id='word_1_177' title='bbox 1055 2059 1324 2112; x_wconf 86' lang='lat' dir='ltr'>facillimis</span> <span class='ocrx_word' id='word_1_178' title='bbox 1363 2059 1663 2112; x_wconf 90' lang='lat' dir='ltr'>rationibus</span> <span class='ocrx_word' id='word_1_179' title='bbox 1703 2077 1883 2112; x_wconf 90' lang='lat' dir='ltr'>conse-</span> 
     </span>
    </p>

    <p class='ocr_par' dir='ltr' id='par_1_8' title="bbox 118 2133 1932 2277">
     <span class='ocr_line' id='line_1_26' title="bbox 118 2133 1882 2203; baseline 0.001 -19"><span class='ocrx_word' id='word_1_180' title='bbox 118 2154 160 2186; x_wconf 62' lang='grc'>25</span> <span class='ocrx_word' id='word_1_181' title='bbox 186 2137 438 2202; x_wconf 92' lang='lat' dir='ltr'>quuntur.</span> <span class='ocrx_word' id='word_1_182' title='bbox 517 2133 621 2186; x_wconf 92' lang='lat' dir='ltr'>Sed</span> <span class='ocrx_word' id='word_1_183' title='bbox 670 2138 723 2186; x_wconf 92' lang='lat' dir='ltr'>et</span> <span class='ocrx_word' id='word_1_184' title='bbox 771 2133 863 2203; x_wconf 88' lang='lat' dir='ltr'>[si]</span> <span class='ocrx_word' id='word_1_185' title='bbox 905 2134 1063 2186; x_wconf 90' lang='lat' dir='ltr'>simul</span> <span class='ocrx_word' id='word_1_186' title='bbox 1103 2133 1266 2202; x_wconf 90' lang='lat' dir='ltr'>positi</span> <span class='ocrx_word' id='word_1_187' title='bbox 1303 2133 1456 2186; x_wconf 89' lang='lat' dir='ltr'>Luna</span> <span class='ocrx_word' id='word_1_188' title='bbox 1495 2137 1549 2185; x_wconf 92' lang='lat' dir='ltr'>et</span> <span class='ocrx_word' id='word_1_189' title='bbox 1585 2133 1882 2187; x_wconf 88' lang='lat' dir='ltr'>Mercurius</span> 
     </span>
     <span class='ocr_line' id='line_1_27' title="bbox 186 2206 1932 2277; baseline 0 -19"><span class='ocrx_word' id='word_1_190' title='bbox 186 2206 357 2260; x_wconf 90' lang='lat' dir='ltr'>docile</span> <span class='ocrx_word' id='word_1_191' title='bbox 409 2208 682 2277; x_wconf 89' lang='lat' dir='ltr'>ingenium</span> <span class='ocrx_word' id='word_1_192' title='bbox 735 2209 1026 2276; x_wconf 90' lang='lat' dir='ltr'>sapientiae</span> <span class='ocrx_word' id='word_1_193' title='bbox 1074 2209 1392 2277; x_wconf 84' lang='lat' dir='ltr'>largiuntur.</span> <span class='ocrx_word' id='word_1_194' title='bbox 1471 2206 1575 2260; x_wconf 87' lang='lat' dir='ltr'>Sed</span> <span class='ocrx_word' id='word_1_195' title='bbox 1627 2208 1672 2260; x_wconf 92' lang='lat' dir='ltr'>si</span> <span class='ocrx_word' id='word_1_196' title='bbox 1722 2207 1932 2261; x_wconf 69' lang='lat' dir='ltr'>simul?</span> 
     </span>
    </p>
   </div>
   <div class='ocr_carea' id='block_1_5' title="bbox 181 2351 1880 2589">
    <p class='ocr_par' dir='ltr' id='par_1_9' title="bbox 181 2351 1880 2589">
     <span class='ocr_line' id='line_1_28' title="bbox 302 2351 1880 2411; baseline -0.001 -14"><span class='ocrx_word' id='word_1_197' title='bbox 302 2358 327 2396; x_wconf 90' lang='lat'><strong>3</strong></span> <span class='ocrx_word' id='word_1_198' title='bbox 364 2357 465 2408; x_wconf 90' lang='lat'><em>177,</em></span> <span class='ocrx_word' id='word_1_199' title='bbox 491 2357 550 2398; x_wconf 90' lang='lat'>33</span> <span class='ocrx_word' id='word_1_200' title='bbox 581 2354 766 2411; x_wconf 77' lang='grc' dir='ltr'><em>ἀγαθὸς</em></span> <span class='ocrx_word' id='word_1_201' title='bbox 798 2353 974 2410; x_wconf 77' lang='grc' dir='ltr'>(ἀγαθὴ</span> <span class='ocrx_word' id='word_1_202' title='bbox 1003 2355 1098 2398; x_wconf 81' lang='lat' dir='ltr'>scil.</span> <span class='ocrx_word' id='word_1_203' title='bbox 1125 2351 1450 2410; x_wconf 81' lang='grc' dir='ltr'><strong><em>συμπαρουσία</em></strong></span> <span class='ocrx_word' id='word_1_204' title='bbox 1475 2355 1518 2410; x_wconf 80' lang='grc' dir='ltr'>κ)</span> <span class='ocrx_word' id='word_1_205' title='bbox 1550 2352 1633 2409; x_wconf 79' lang='grc' dir='ltr'>μὲν</span> <span class='ocrx_word' id='word_1_206' title='bbox 1664 2353 1769 2408; x_wconf 84' lang='grc' dir='ltr'><em>περὶ</em></span> <span class='ocrx_word' id='word_1_207' title='bbox 1802 2351 1880 2396; x_wconf 82' lang='grc' dir='ltr'>δ’-</span> 
     </span>
     <span class='ocr_line' id='line_1_29' title="bbox 182 2410 1879 2485; baseline -0.001 -29"><span class='ocrx_word' id='word_1_208' title='bbox 182 2413 269 2465; x_wconf 83' lang='grc' dir='ltr'>ξαν</span> <span class='ocrx_word' id='word_1_209' title='bbox 301 2413 381 2456; x_wconf 83' lang='grc' dir='ltr'>καὶ</span> <span class='ocrx_word' id='word_1_210' title='bbox 412 2410 696 2468; x_wconf 83' lang='grc' dir='ltr'><em>περίκτησιν,</em></span> <span class='ocrx_word' id='word_1_211' title='bbox 734 2414 794 2469; x_wconf 87' lang='grc'>(6)</span> <span class='ocrx_word' id='word_1_212' title='bbox 827 2414 932 2467; x_wconf 81' lang='grc' dir='ltr'><em>περὶ</em></span> <span class='ocrx_word' id='word_1_213' title='bbox 958 2412 1008 2457; x_wconf 78' lang='grc' dir='ltr'>δὲ</span> <span class='ocrx_word' id='word_1_214' title='bbox 1032 2412 1115 2463; x_wconf 85' lang='grc' dir='ltr'>τὰς</span> <span class='ocrx_word' id='word_1_215' title='bbox 1139 2412 1388 2485; x_wconf 79' lang='grc' dir='ltr'><em>συμβάσεις</em></span> <span class='ocrx_word' id='word_1_216' title='bbox 1410 2412 1493 2464; x_wconf 82' lang='grc' dir='ltr'>τὰς</span> <span class='ocrx_word' id='word_1_217' title='bbox 1516 2411 1716 2468; x_wconf 82' lang='grc' dir='ltr'><em>γαμικὰς</em></span> <span class='ocrx_word' id='word_1_218' title='bbox 1740 2413 1879 2455; x_wconf 78' lang='grc' dir='ltr'><strong><em>ἄστα-</em></strong></span> 
     </span>
     <span class='ocr_line' id='line_1_30' title="bbox 181 2470 1880 2529; baseline 0 -15"><span class='ocrx_word' id='word_1_219' title='bbox 181 2488 259 2522; x_wconf 86' lang='grc' dir='ltr'>τος</span> <span class='ocrx_word' id='word_1_220' title='bbox 289 2472 369 2515; x_wconf 82' lang='grc' dir='ltr'>καὶ</span> <span class='ocrx_word' id='word_1_221' title='bbox 401 2470 640 2527; x_wconf 82' lang='grc' dir='ltr'><strong><em>ἀντίζηλος</em></strong></span> <span class='ocrx_word' id='word_1_222' title='bbox 669 2473 750 2515; x_wconf 84' lang='grc' dir='ltr'>καὶ</span> <span class='ocrx_word' id='word_1_223' title='bbox 782 2471 952 2529; x_wconf 80' lang='grc' dir='ltr'><em>ἐχθρά·</em></span> <span class='ocrx_word' id='word_1_224' title='bbox 986 2472 1203 2527; x_wconf 83' lang='grc' dir='ltr'><em>προξενεῖ</em></span> <span class='ocrx_word' id='word_1_225' title='bbox 1231 2471 1319 2528; x_wconf 79' lang='grc' dir='ltr'>γὰρ</span> <span class='ocrx_word' id='word_1_226' title='bbox 1352 2473 1432 2516; x_wconf 81' lang='grc' dir='ltr'>καὶ</span> <span class='ocrx_word' id='word_1_227' title='bbox 1462 2470 1545 2523; x_wconf 82' lang='grc' dir='ltr'>τὰς</span> <span class='ocrx_word' id='word_1_228' title='bbox 1570 2472 1619 2516; x_wconf 77' lang='grc' dir='ltr'>ἐκ</span> <span class='ocrx_word' id='word_1_229' title='bbox 1644 2479 1880 2528; x_wconf 78' lang='grc' dir='ltr'><em>συγγενῶν</em></span> 
     </span>
     <span class='ocr_line' id='line_1_31' title="bbox 183 2528 1808 2589; baseline -0.001 -15"><span class='ocrx_word' id='word_1_230' title='bbox 183 2528 211 2585; x_wconf 79' lang='grc' dir='ltr'>ἢ</span> <span class='ocrx_word' id='word_1_231' title='bbox 238 2529 385 2587; x_wconf 79' lang='grc' dir='ltr'><em>φίλων</em></span> <span class='ocrx_word' id='word_1_232' title='bbox 409 2529 694 2587; x_wconf 80' lang='grc' dir='ltr'><strong><em>κακουργίας</em></strong></span> <span class='ocrx_word' id='word_1_233' title='bbox 716 2531 796 2574; x_wconf 81' lang='grc' dir='ltr'>καὶ</span> <span class='ocrx_word' id='word_1_234' title='bbox 819 2531 1035 2589; x_wconf 79' lang='grc' dir='ltr'><em>ταραχάς.</em></span> <span class='ocrx_word' id='word_1_235' title='bbox 1131 2536 1185 2574; x_wconf 82' lang='lat'>22</span> <span class='ocrx_word' id='word_1_236' title='bbox 1221 2535 1407 2585; x_wconf 86' lang='grc'>179,10</span> <span class='ocrx_word' id='word_1_237' title='bbox 1439 2530 1634 2587; x_wconf 81' lang='grc' dir='ltr'>ἀγα(θὴ)</span> <span class='ocrx_word' id='word_1_238' title='bbox 1662 2531 1808 2585; x_wconf 82' lang='grc' dir='ltr'><em>περὶ.</em></span> 
     </span>
    </p>
   </div>
   <div class='ocr_carea' id='block_1_6' title="bbox 178 2648 1882 2998">
    <p class='ocr_par' dir='ltr' id='par_1_10' title="bbox 181 2648 1882 2820">
     <span class='ocr_line' id='line_1_32' title="bbox 302 2648 1872 2707; baseline -0.001 -16"><span class='ocrx_word' id='word_1_239' title='bbox 302 2654 326 2692; x_wconf 86' lang='grc'>3</span> <span class='ocrx_word' id='word_1_240' title='bbox 359 2649 548 2692; x_wconf 88' lang='lat' dir='ltr'>honoris</span> <span class='ocrx_word' id='word_1_241' title='bbox 582 2655 662 2692; x_wconf 79' lang='lat' dir='ltr'>aut</span> <span class='ocrx_word' id='word_1_242' title='bbox 692 2651 791 2693; x_wconf 84' lang='lat' dir='ltr'>sim.</span> <span class='ocrx_word' id='word_1_243' title='bbox 819 2664 844 2692; x_wconf 92' lang='grc' dir='ltr'>σ</span> <span class='ocrx_word' id='word_1_244' title='bbox 967 2655 1018 2693; x_wconf 93' lang='grc'>11</span> <span class='ocrx_word' id='word_1_245' title='bbox 1055 2649 1312 2693; x_wconf 88' lang='lat' dir='ltr'>alienarum</span> <span class='ocrx_word' id='word_1_246' title='bbox 1346 2650 1385 2707; x_wconf 82' lang='grc' dir='ltr'>ζ]</span> <span class='ocrx_word' id='word_1_247' title='bbox 1428 2649 1581 2692; x_wconf 86' lang='lat' dir='ltr'>aliena</span> <span class='ocrx_word' id='word_1_248' title='bbox 1613 2649 1768 2692; x_wconf 88' lang='lat' dir='ltr'>mente</span> <span class='ocrx_word' id='word_1_249' title='bbox 1793 2653 1831 2689; x_wconf 82' lang='lat' dir='ltr'>N</span> <span class='ocrx_word' id='word_1_250' title='bbox 1868 2648 1872 2705; x_wconf 67' lang='grc' dir='ltr'>Ι</span> 
     </span>
     <span class='ocr_line' id='line_1_33' title="bbox 183 2707 1882 2776; baseline -0.001 -26"><span class='ocrx_word' id='word_1_251' title='bbox 183 2707 467 2763; x_wconf 86' lang='lat' dir='ltr'>desyderant</span> <span class='ocrx_word' id='word_1_252' title='bbox 490 2722 602 2753; x_wconf 83' lang='lat' dir='ltr'>corr.</span> <span class='ocrx_word' id='word_1_253' title='bbox 628 2711 653 2760; x_wconf 81' lang='grc' dir='ltr'><strong><em>ζ</em></strong></span> <span class='ocrx_word' id='word_1_254' title='bbox 773 2714 826 2751; x_wconf 86' lang='grc'>12</span> <span class='ocrx_word' id='word_1_255' title='bbox 852 2708 1002 2752; x_wconf 89' lang='lat' dir='ltr'>isdem</span> <span class='ocrx_word' id='word_1_256' title='bbox 1026 2712 1050 2760; x_wconf 82' lang='grc' dir='ltr'><strong><em>ζ</em></strong></span> <span class='ocrx_word' id='word_1_257' title='bbox 1163 2714 1215 2751; x_wconf 85' lang='grc'>13</span> <span class='ocrx_word' id='word_1_258' title='bbox 1242 2709 1342 2776; x_wconf 78' lang='lat' dir='ltr'>ipse</span> <span class='ocrx_word' id='word_1_259' title='bbox 1367 2711 1428 2760; x_wconf 82' lang='grc' dir='ltr'>κζ</span> <span class='ocrx_word' id='word_1_260' title='bbox 1548 2713 1601 2750; x_wconf 87' lang='grc'>14</span> <span class='ocrx_word' id='word_1_261' title='bbox 1626 2707 1882 2750; x_wconf 85' lang='lat' dir='ltr'>infestatur</span> 
     </span>
     <span class='ocr_line' id='line_1_34' title="bbox 181 2766 1878 2820; baseline -0.001 -11"><span class='ocrx_word' id='word_1_262' title='bbox 181 2784 207 2809; x_wconf 82' lang='grc' dir='ltr'><strong>κ</strong></span> <span class='ocrx_word' id='word_1_263' title='bbox 241 2766 470 2811; x_wconf 84' lang='lat' dir='ltr'>inferatur</span> <span class='ocrx_word' id='word_1_264' title='bbox 495 2782 520 2810; x_wconf 90' lang='grc' dir='ltr'>σ</span> <span class='ocrx_word' id='word_1_265' title='bbox 551 2767 784 2811; x_wconf 83' lang='lat' dir='ltr'>insecatur</span> <span class='ocrx_word' id='word_1_266' title='bbox 807 2769 876 2811; x_wconf 81' lang='lat' dir='ltr'>vel</span> <span class='ocrx_word' id='word_1_267' title='bbox 898 2767 1152 2811; x_wconf 83' lang='lat' dir='ltr'>insectatur</span> <span class='ocrx_word' id='word_1_268' title='bbox 1175 2772 1200 2820; x_wconf 79' lang='grc' dir='ltr'>ζ</span> <span class='ocrx_word' id='word_1_269' title='bbox 1227 2769 1322 2811; x_wconf 75' lang='lat' dir='ltr'>‘nisi</span> <span class='ocrx_word' id='word_1_270' title='bbox 1351 2773 1465 2811; x_wconf 80' lang='lat' dir='ltr'>recte</span> <span class='ocrx_word' id='word_1_271' title='bbox 1495 2773 1588 2811; x_wconf 81' lang='lat' dir='ltr'>stat</span> <span class='ocrx_word' id='word_1_272' title='bbox 1610 2766 1878 2810; x_wconf 85' lang='lat' dir='ltr'>infoedatur</span> 
     </span>
    </p>

    <p class='ocr_par' dir='ltr' id='par_1_11' title="bbox 178 2825 1877 2998">
     <span class='ocr_line' id='line_1_35' title="bbox 243 2825 1877 2893; baseline 0 -25"><span class='ocrx_word' id='word_1_273' title='bbox 243 2830 296 2869; x_wconf 91' lang='lat'>18</span> <span class='ocrx_word' id='word_1_274' title='bbox 329 2826 445 2869; x_wconf 89' lang='lat' dir='ltr'>facit</span> <span class='ocrx_word' id='word_1_275' title='bbox 475 2831 515 2868; x_wconf 75' lang='lat' dir='ltr'>N</span> <span class='ocrx_word' id='word_1_276' title='bbox 637 2831 692 2869; x_wconf 80' lang='lat'>22</span> <span class='ocrx_word' id='word_1_277' title='bbox 724 2828 958 2882; x_wconf 86' lang='lat' dir='ltr'>potestate</span> <span class='ocrx_word' id='word_1_278' title='bbox 992 2826 1360 2886; x_wconf 76' lang='lat' dir='ltr'>(auctoritatis)</span> <span class='ocrx_word' id='word_1_279' title='bbox 1392 2828 1484 2870; x_wconf 84' lang='lat' dir='ltr'>sive</span> <span class='ocrx_word' id='word_1_280' title='bbox 1509 2825 1877 2893; x_wconf 81' lang='lat' dir='ltr'>&lt;eloquentiae&gt;</span> 
     </span>
     <span class='ocr_line' id='line_1_36' title="bbox 178 2882 1877 2942; baseline 0 -15"><span class='ocrx_word' id='word_1_281' title='bbox 178 2886 347 2940; x_wconf 88' lang='lat' dir='ltr'>potest.</span> <span class='ocrx_word' id='word_1_282' title='bbox 374 2887 425 2929; x_wconf 82' lang='lat' dir='ltr'>cl.</span> <span class='ocrx_word' id='word_1_283' title='bbox 456 2886 601 2930; x_wconf 83' lang='lat' dir='ltr'>Gatal.</span> <span class='ocrx_word' id='word_1_284' title='bbox 630 2899 655 2928; x_wconf 90' lang='grc' dir='ltr'><strong>σ</strong></span> <span class='ocrx_word' id='word_1_285' title='bbox 682 2888 688 2942; x_wconf 81' lang='grc' dir='ltr'>Ι</span> <span class='ocrx_word' id='word_1_286' title='bbox 715 2886 926 2929; x_wconf 89' lang='lat' dir='ltr'>insinuat</span> <span class='ocrx_word' id='word_1_287' title='bbox 948 2890 987 2927; x_wconf 75' lang='lat' dir='ltr'>N</span> <span class='ocrx_word' id='word_1_288' title='bbox 1109 2890 1164 2929; x_wconf 79' lang='lat'>23</span> <span class='ocrx_word' id='word_1_289' title='bbox 1193 2885 1459 2928; x_wconf 87' lang='lat' dir='ltr'>habuerunt</span> <span class='ocrx_word' id='word_1_290' title='bbox 1481 2890 1520 2927; x_wconf 70' lang='lat' dir='ltr'>N</span> <span class='ocrx_word' id='word_1_291' title='bbox 1642 2888 1698 2927; x_wconf 81' lang='lat'>24</span> <span class='ocrx_word' id='word_1_292' title='bbox 1722 2882 1877 2927; x_wconf 87' lang='lat' dir='ltr'>facili-</span> 
     </span>
     <span class='ocr_line' id='line_1_37' title="bbox 178 2944 1114 2998; baseline 0.003 -13"><span class='ocrx_word' id='word_1_293' title='bbox 178 2944 264 2986; x_wconf 90' lang='lat' dir='ltr'>mis</span> <span class='ocrx_word' id='word_1_294' title='bbox 297 2959 330 2987; x_wconf 88' lang='lat' dir='ltr'>r.</span> <span class='ocrx_word' id='word_1_295' title='bbox 358 2946 701 2998; x_wconf 87' lang='lat' dir='ltr'>consequantur</span> <span class='ocrx_word' id='word_1_296' title='bbox 731 2949 770 2986; x_wconf 75' lang='lat' dir='ltr'>N</span> <span class='ocrx_word' id='word_1_297' title='bbox 893 2949 947 2987; x_wconf 84' lang='lat'>25</span> <span class='ocrx_word' id='word_1_298' title='bbox 981 2946 1063 2988; x_wconf 78' lang='lat' dir='ltr'>del.</span> <span class='ocrx_word' id='word_1_299' title='bbox 1090 2949 1114 2996; x_wconf 79' lang='grc' dir='ltr'><em>ζ</em></span> 
     </span>
    </p>
   </div>
   <div class='ocr_carea' id='block_1_7' title="bbox 1546 3018 1603 3060">
    <p class='ocr_par' dir='ltr' id='par_1_12' title="bbox 1546 3018 1603 3060">
     <span class='ocr_line' id='line_1_38' title="bbox 1546 3018 1603 3060; baseline 0 -20"><span class='ocrx_word' id='word_1_300' title='bbox 1546 3018 1603 3060; x_wconf 68' lang='grc'>9*</span> 
     </span>
    </p>
   </div>
  </div>
 </body>
</html>
