2078 3174
247 110 352 163 160
976 111 1206 156 FIRMICI

242 232 335 284 sed
380 232 473 300 qui
518 232 622 285 hoc
666 232 905 285 libidinis
952 233 1145 286 vitium
1190 233 1409 303 propria
1451 235 1690 303 corporis
1728 234 1932 289 iactura

147 377 219 431 41
241 309 658 432 eonlginffinllfl.
699 379 766 432 ab
806 380 1104 449 horoscopo
1142 382 1263 434 loco
1302 381 1358 434 id
1389 385 1470 434 est
1499 381 1556 434 in
1589 399 1780 435 occasu
1811 381 1934 452 Iup-

241 453 380 522 piter
419 458 473 506 et
511 453 696 507 Venus
736 457 790 506 et
829 453 1090 507 Saturnus
1130 455 1290 507 simul
1327 456 1526 508 fuerint
1566 457 1829 525 collocati,
1868 475 1935 510 ex

241 530 412 579 morte
457 529 641 581 uxoris
688 528 955 581 hereditas
998 530 1325 584 conferetur.
1401 528 1506 582 Sed
1543 529 1602 582 hi
1641 529 1745 599 ipsi
1783 530 1934 600 gravi
1980 553 2002 588 ο

241 604 397 654 erunt
444 601 794 672 aegritudinis
842 603 1244 671 continuatione
1291 604 1549 673 quassati,
1600 606 1652 657 et
1698 603 1934 657 filiorum

194 742 198 745 q
241 675 349 729 illis
390 675 608 730 difficile
648 676 950 729 decernitur
987 677 1212 730 soboles,

355 748 413 802 Si
449 749 745 803 Mercurius
791 751 844 803 in
886 749 1002 803 ΜΟ.
1042 751 1204 804 fuerit
1252 752 1573 804 constitutus
1617 755 1670 804 et
1709 769 1832 805 cum
1871 769 1933 805 eo

243 822 350 876 sint
389 823 572 876 Venus
620 824 744 893 (et)
793 823 1055 877 Saturnus
1104 828 1157 876 et
1194 823 1438 895 Iuppiter
1477 826 1772 895 constituti,
1817 844 1934 896 per-

241 898 462 966 egrinas
485 898 701 966 quidem
733 917 927 951 uxores
961 899 1263 970 decernunt,
1294 899 1385 952 sed
1409 918 1605 971 magna
1628 900 1934 953 divitiarum
1960 924 2003 958 10

241 972 517 1024 affluentia
557 974 813 1041 copiosas.

149 1045 223 1098 42
355 1044 413 1098 Si
453 1044 713 1099 Saturnus
759 1046 924 1099 fuerit
968 1046 1026 1098 in
1070 1046 1372 1116 horoscopo
1413 1049 1751 1117 constitutus,
1799 1048 1935 1101 Mer-

243 1119 425 1173 curius
463 1138 589 1172 vero
630 1124 682 1172 et
712 1119 954 1189 Iuppiter
990 1120 1047 1173 in
1079 1119 1200 1174 VII.
1231 1122 1340 1174 sint
1379 1122 1443 1174 ab
1482 1122 1782 1191 horoscopo
1813 1124 1933 1176 loco

243 1195 507 1262 collocati,
543 1194 685 1247 filios
726 1194 1003 1265 denegant.
1075 1194 1178 1248 Sed
1216 1196 1262 1248 si
1301 1199 1628 1249 commutata
1660 1196 1823 1249 fuerit
1855 1215 1935 1249 or-

242 1267 531 1320 dinationis
563 1269 668 1327 ista
697 1269 1014 1339 conpositi0‚
1046 1269 1101 1321 id
1126 1273 1208 1322 est
1243 1271 1289 1322 si
1318 1270 1375 1323 in
1405 1270 1703 1339 horoscopo
1735 1271 1935 1323 fuerint
1959 1295 2001 1329 15

240 1340 483 1411 Iuppiter
523 1346 575 1395 et
614 1342 911 1396 Mercurius
954 1343 1146 1412 [prius]
1155 1385 1171 1412 ,
1215 1345 1341 1413 <et>
1378 1344 1478 1397 hos
1517 1344 1575 1396 in
1614 1362 1804 1398 occasu
1841 1363 1935 1414 po-

243 1417 376 1468 situs
418 1415 680 1470 Saturnus
722 1417 977 1470 diametra
1014 1417 1310 1471 radiatione
1349 1419 1614 1488 respiciat,
1653 1418 1756 1471 hoc
1794 1419 1934 1471 idem

242 1490 404 1542 simili
442 1491 651 1543 ratione
691 1492 994 1545 decernunt.

150 1564 224 1616 43
356 1563 412 1616 Si
452 1565 508 1616 in
546 1563 688 1617 IMC.
728 1565 1022 1618 Mercurius
1063 1570 1117 1619 et
1155 1566 1340 1619 Venus
1387 1567 1548 1619 simul
1589 1566 1791 1620 fuerint
1829 1567 1935 1619 col-

241 1639 423 1708 locati,
471 1642 524 1692 et
565 1637 826 1691 Saturnus
866 1639 980 1692 MC.
1019 1641 1296 1709 possidens
1335 1644 1544 1709 partem
1581 1641 1682 1694 hos
1721 1641 1934 1693 eosdem
1959 1666 2002 1699 20

243 1712 500 1765 diametra
546 1713 840 1766 radiatione
887 1715 1164 1783 percutiat,
1209 1714 1487 1767 mulierem
1532 1718 1815 1783 provectae
1853 1733 1936 1767 ae-

242 1786 369 1838 tatis
421 1787 657 1839 decernit
705 1805 940 1840 uxorem.
1035 1786 1138 1841 Sed
1189 1791 1242 1841 et
1291 1789 1405 1857 ipse
1456 1807 1575 1841 cum
1625 1807 1791 1842 uxore
1841 1807 1936 1841 sua

243 1860 435 1929 inpuro
476 1860 620 1913 coitu
660 1863 926 1914 miscetur.

75 1948 249 1986 tot-80r1
357 1933 413 1987 Si
459 1935 515 1986 in
562 1934 676 1987 MC.
710 1935 893 1988 Venus
940 1936 1103 1989 fuerit
1146 1938 1430 2006 collocata,
1485 1940 1539 1989 et
1585 1936 1633 1989 ei
1674 1935 1934 1989 Saturnus

242 2009 297 2060 in
329 2008 443 2061 MC.
485 2013 708 2078 aequata
747 2010 982 2078 partium
1022 2011 1275 2063 societate
1312 2011 1581 2081 iungatur⁷
1626 2010 1779 2063 Luna
1810 2028 1934 2063 vero
1959 2034 2002 2068 25

243 2083 295 2134 in
330 2081 473 2135 IMG.
515 2083 808 2137 constituta
845 2084 944 2136 hos
984 2084 1194 2137 eosdem
1237 2085 1495 2137 diametra
1532 2084 1827 2138 radiatione
1859 2103 1936 2137 re-

244 2157 451 2226 spiciat,
489 2160 582 2210 aut
622 2158 825 2210 steriles
865 2161 958 2209 aut
994 2161 1134 2211 certe
1165 2163 1446 2228 provectae
1478 2159 1667 2212 aetatis
1701 2158 1934 2211 decernit

243 2249 457 2299 uxoreS‚
496 2235 557 2283 ut
596 2250 659 2283 ex
699 2231 800 2283 ista
838 2232 1167 2284 matrimonii
1208 2234 1547 2301 copulatione
1585 2233 1686 2285 filii
1723 2233 1781 2284 in
1818 2250 1933 2302 per-

243 2308 465 2373 petuum
505 2305 845 2375 denegentur.

152 2376 227 2428 44
357 2377 413 2430 Si
452 2378 747 2431 Mercurius
795 2381 851 2431 in
890 2379 953 2431 V.
995 2380 1060 2432 ab
1106 2380 1405 2449 horoscopo
1452 2380 1571 2434 loco
1614 2381 1775 2433 fuerit
1813 2398 1933 2432 con-
1957 2404 2000 2438 30

365 2559 390 2596 2
425 2556 703 2610 conpescent
738 2557 785 2598 Γ
917 2559 943 2596 4
977 2557 1023 2598 et
1047 2557 1185 2612 prius
1216 2571 1299 2600 om.
1327 2558 1366 2598 Δ
1497 2559 1523 2599 8
1554 2554 1673 2598 IMC.
1699 2558 1739 2598 Δ
1773 2559 1933 2599 contra

246 2613 449 2656 ordinem
480 2615 739 2657 institutam
874 2618 897 2656 9
930 2615 1036 2658 add.
1064 2619 1095 2656 B
1220 2619 1274 2658 10
1306 2628 1502 2671 magnas
1536 2614 1781 2659 affluentia
1813 2613 1932 2657 divi-

246 2671 418 2714 tiarum
450 2672 609 2728 copias
643 2675 681 2715 Δ
807 2677 860 2715 13
894 2672 988 2715 sint
1020 2688 1101 2717 om.
1129 2676 1169 2717 Δ
1199 2676 1203 2729 Ι
1231 2673 1334 2717 loco
1367 2673 1425 2717 ab
1459 2673 1713 2729 horoscopo
1747 2672 1841 2715 A'B

249 2735 301 2771 15
336 2731 374 2773 si
398 2731 446 2773 in
475 2732 542 2789 Γ]
576 2732 615 2774 si
639 2736 678 2772 N
709 2731 758 2775 in
782 2736 855 2774 Dv
897 2732 903 2789 Ι
946 2732 1088 2775 fuerit
1119 2747 1231 2778 corr.
1259 2735 1283 2785 ζ
1403 2737 1456 2775 16
1490 2735 1537 2776 et
1568 2747 1651 2776 om.
1677 2734 1717 2775 A
1747 2733 1753 2787 Ι
1781 2732 1865 2775 del.
1891 2737 1932 2775 et

247 2789 354 2832 add.
380 2806 405 2831 a
449 2794 454 2846 Ι
496 2791 674 2846 positos
707 2789 801 2833 A'B
950 2795 1004 2834 18
1035 2792 1298 2835 radiatione
1331 2794 1371 2834 A
1415 2794 1421 2847 Ι
1464 2791 1729 2835 decernitur
1763 2793 1810 2834 Γ

248 2852 301 2890 23
337 2848 588 2892 miscentur
620 2850 746 2893 codd.
764 2856 948 2906 praeter
981 2855 1014 2892 G
1136 2855 1190 2893 25
1223 2850 1429 2906 partium
1461 2851 1522 2908 A]
1554 2852 1689 2906 parte
1722 2853 1792 2891 AB
1824 2863 1931 2905 par-

246 2907 308 2948 tis
341 2912 375 2948 G
497 2912 551 2951 28
584 2908 870 2952 matrimonii
903 2910 946 2967 6]
979 2909 1357 2953 manumissionis
