2078 3174
253 116 279 166 1
289 116 356 167 74
979 114 1207 158 FIRMICI

247 236 574 304 possideant,
629 235 927 288 malitiosae
975 234 1267 288 meretricis
1317 234 1551 287 animum
1609 234 1936 287 demonstrat

246 311 349 362 ista
395 310 655 379 genitura,
710 310 776 361 ad
830 309 980 361 cuius
1035 308 1379 361 concubitum
1433 308 1694 377 plurimos
1745 309 1936 365 invitet

246 384 346 452 [et]
400 383 573 454 gratia
626 382 935 436 venustatis,
1015 381 1117 435 Sed
1165 382 1297 435 haec
1345 401 1440 451 per
1487 382 1606 435 loca
1654 382 1936 452 peregrina

246 458 490 526 ducetur,
548 461 601 509 et
655 457 755 509 erit
809 457 1180 526 frequentibus
1235 457 1407 509 causis
1459 460 1511 508 et
1562 457 1933 524 frequentibus

247 535 301 584 et
329 532 538 601 magnis
571 531 999 585 accusationibus
1032 530 1299 599 inplicata.
1350 529 1593 598 Accipiet
1624 531 1784 582 etiam
1819 549 1934 584 eam
1982 553 2002 584 5

243 606 460 673 publica
507 605 763 672 custodia,
811 608 863 657 et
909 605 1118 659 crebras
1165 604 1495 657 turbationes
1542 608 1595 656 et
1642 605 1934 658 crebriores

156 680 223 745 91
243 679 464 732 iniurias
501 679 801 748 sustinebit,
840 679 1108 732 aboi-tabit
1140 679 1300 731 etiam
1331 679 1472 730 filios
1504 679 1762 748 geminos,
1832 677 1936 731 Sed

243 753 374 807 haec
430 756 681 821 quaestus
737 757 789 805 et
842 753 1080 806 libidinis
1145 770 1302 804 causa
1358 753 1616 821 pudorem
1673 771 1828 805 suum
1883 755 1935 804 et

245 827 452 880 duobus
499 827 754 880 fratribus
801 827 1136 893 nundinabit,
1183 829 1236 879 et
1282 827 1348 878 ad
1396 826 1596 879 coitum
1644 845 1799 879 suum
1845 845 1935 896 pa-

243 905 379 954 trem
432 902 632 970 pariter
686 901 939 953 invitabit
993 903 1046 953 et
1098 900 1284 952 filium.
1363 898 1554 952 Omnia
1609 901 1750 953 enim
1804 900 1935 953 haec
1959 924 2003 956 ιο

243 976 511 1028 inmodico
568 976 755 1027 ardore
807 975 1046 1028 libidinis
1100 973 1224 1044 <et>
1278 974 1532 1026 effrenata
1587 975 1935 1043 pecuniarum

243 1049 533 1118 cupiditate
571 1050 825 1118 perficiet.
905 1048 1007 1101 Sed
1046 1067 1167 1102 cum
1199 1048 1403 1101 mediae
1433 1049 1623 1101 aetatis
1656 1048 1936 1101 intraverit

242 1127 469 1192 tempus,
517 1127 645 1176 tunc
694 1127 991 1176 revertetur
1037 1123 1103 1175 ad
1147 1123 1393 1192 patriam,
1441 1126 1494 1174 et
1532 1123 1777 1175 iuvenem
1817 1141 1936 1191 per-

244 1197 487 1268 egrinum
533 1215 826 1267 pauperem
873 1198 1154 1267 indignum
1201 1197 1267 1249 ad
1316 1197 1645 1249 consortium
1686 1197 1789 1249 sibi
1828 1197 1935 1249 tori

242 1272 467 1342 genialis
523 1272 771 1340 associat,
826 1274 879 1323 et
934 1271 982 1323 ei
1034 1271 1248 1323 vinculo
1303 1270 1630 1323 matrimonii
1686 1270 1935 1340 copulata
1959 1292 2001 1326 15

242 1364 409 1414 usque
459 1346 524 1397 ad
572 1346 710 1398 diem
749 1314 1001 1397 iiltimum
1041 1345 1182 1398 vitae
1223 1363 1344 1397 cum
1384 1345 1579 1397 misera
1617 1345 1934 1398 necessitate

241 1420 526 1488 perveniet.

977 1565 1199 1619 XXXII.

194 1673 219 1723 1
351 1670 630 1739 Expositis
669 1671 754 1723 his
796 1672 1043 1723 omnibus
1084 1689 1218 1739 quae
1257 1670 1492 1722 mixtura
1531 1671 1932 1738 temperationis

243 1745 490 1811 ostendit,
531 1748 583 1796 et
623 1745 869 1814 diligenti
907 1745 1114 1798 ratione
1154 1744 1460 1812 conpositiS‚
1500 1745 1566 1796 ad
1604 1745 1764 1797 finem
1803 1744 1931 1797 libri
1957 1767 2000 1798 ρο

239 1819 422 1886 huius,
473 1818 706 1871 Mavorti
754 1819 911 1871 decus
957 1822 1226 1887 nostrum,
1272 1821 1524 1887 properat
1565 1820 1750 1871 oratio,
1829 1818 1932 1871 Sed

242 1897 321 1945 est
369 1893 540 1945 adhuc
588 1893 730 1961 quod
777 1893 842 1944 ad
889 1893 1102 1962 plenam
1152 1893 1326 1961 operis
1372 1893 1532 1944 huius
1577 1893 1932 1946 substantiam

241 1968 555 2035 requiratur,
598 1966 740 2035 quod
779 1966 879 2019 tibi
915 1985 1057 2019 nunc
1095 1967 1375 2018 verissima
1414 1966 1747 2034 expositione
1786 1985 1931 2019 mon—

241 2042 437 2093 strabO.
513 2040 688 2092 Aliter
735 2041 875 2093 enim
920 2041 986 2092 ad
1026 2044 1225 2092 secreta
1264 2040 1564 2093 matheseos
1603 2041 1783 2093 venire
1823 2059 1931 2093 non

240 2133 539 2183 possumUS,
579 2134 713 2183 quae
747 2115 1003 2183 septimus
1036 2115 1255 2167 habebit
1286 2114 1438 2182 liber,
1470 2118 1522 2166 et
1554 2115 1618 2166 ad
1652 2115 1930 2182 sphaeram
1955 2135 1999 2168 25

240 2189 587 2257 barbaricam,
625 2207 786 2257 quam
819 2189 992 2241 octavi
1025 2189 1125 2240 tibi
1156 2189 1281 2241 libri
1315 2207 1506 2256 corpus
1540 2188 1787 2256 ostendit,
1825 2189 1930 2240 nisi

242 2263 420 2314 omnia
459 2263 606 2331 prius
650 2281 785 2330 quae
826 2263 892 2314 ad
930 2263 1278 2315 fundamenta
1314 2262 1480 2314 totius
1522 2263 1773 2314 scientiae
1812 2281 1931 2331 per-

187 2338 435 2404 2tinent,
484 2336 729 2406 diligenti
775 2336 974 2388 fuerint
1021 2337 1225 2389 ratione
1266 2338 1500 2388 collecta.
1579 2335 1929 2389 Ostendemus

361 2502 382 2538 1
416 2495 655 2552 possideat
686 2499 724 2539 Δ
785 2499 790 2552 Ι
847 2499 1031 2540 meretr.
1063 2495 1211 2539 malit.
1246 2499 1285 2539 Δ
1432 2501 1457 2538 3
1490 2497 1573 2539 del.
1607 2512 1634 2538 a
1779 2501 1807 2538 4
1838 2495 1928 2539 fre-

240 2554 491 2609 quentibus
531 2558 578 2599 et
619 2557 701 2599 del.
734 2570 763 2597 v
915 2559 969 2599 10
1004 2555 1209 2598 mutabit
1241 2558 1280 2598 Δ
1340 2558 1345 2610 1
1404 2554 1548 2612 enim]
1597 2557 1752 2598 autem
1785 2568 1809 2597 σ

242 2619 292 2656 11
327 2614 434 2657 add.
468 2617 492 2666 ζ
561 2616 567 2672 Ι
637 2614 942 2670 pecuniarum
976 2614 1019 2672 6]
1065 2614 1264 2670 pecunia
1307 2628 1412 2657 cum
1563 2619 1617 2656 12
1660 2613 1926 2656 medietatis

240 2673 582 2728 (medienetatis
615 2676 668 2728 A)
700 2688 813 2718 corr.
846 2689 872 2715 a.
1025 2678 1078 2715 15
1113 2675 1159 2716 et
1191 2673 1233 2716 ei
1268 2673 1447 2716 vinculo
1480 2673 1766 2716 matrimonii
1798 2673 1840 2730 σ]
1883 2673 1926 2716 01

240 2733 286 2774 et
328 2731 539 2775 vehiculo
582 2732 936 2776 manumissioni
979 2732 1118 2785 (-onis
1151 2735 1208 2787 A)
1363 2737 1415 2775 21
1459 2734 1681 2787 properat
1719 2732 1868 2775 oratio
1901 2746 1927 2774 σ

239 2791 294 2843 cf.
323 2791 355 2833 I
371 2795 476 2845 273,
494 2792 551 2849 15]
585 2792 852 2848 properatio
881 2794 927 2835 Γ
952 2804 1148 2846 propero
1173 2794 1212 2834 A
1337 2796 1392 2834 22
1423 2790 1561 2834 huius
1586 2804 1667 2835 om.
1695 2793 1733 2833 A
1769 2790 1924 2846 (huius

239 2850 391 2904 operis
422 2851 468 2906 v)
591 2855 645 2893 23
679 2850 967 2906 expositione
999 2851 1065 2907 Γ]
1097 2850 1277 2893 ratione
1310 2852 1348 2892 A
1473 2853 1526 2892 25
1559 2864 1744 2904 possum
1778 2861 1924 2904 usque

240 2922 349 2951 corr.
383 2924 411 2950 v
469 2911 473 2964 1
533 2923 713 2964 speram
746 2912 831 2952 ΑΔ
955 2914 1009 2953 28
1042 2909 1222 2952 ratione
1252 2909 1356 2966 AN]
1387 2909 1642 2952 traditione
