2100 3186
250 149 360 202 202
986 151 1215 196 FIRMICI

251 270 393 323 mala
425 273 478 323 et
509 270 811 339 frequentia
844 271 1090 324 dolorum
1124 273 1359 325 decernit
1390 273 1742 327 incommoda.
1794 275 1944 328 Tunc

250 345 395 396 enim
456 344 695 396 animum
748 344 912 397 variis
974 364 1217 399 amorum
1279 346 1544 400 iflecebris
1599 365 1806 418 semper
1857 367 1944 402 ex-

250 419 438 489 agitat,
479 421 532 470 et
569 421 791 487 propter
823 421 1019 472 amoris
1054 420 1185 472 dura
1216 423 1485 474 tormenta
1516 440 1733 492 gravem
1764 423 1942 476 animo

253 493 492 545 dolorem
525 510 733 561 semper
764 493 989 562 inponit,
1020 497 1082 546 ut
1113 498 1335 563 propter
1365 494 1496 547 haec
1527 496 1754 548 errantis
1779 498 1942 550 animi

250 568 382 619 vitia
430 566 591 619 etiam
639 584 917 618 causarum
965 567 1272 621 discrimina
1317 569 1625 637 frequenter
1675 572 1940 624 accedant.
1989 594 2009 626 5

251 640 461 692 Turbae
501 640 664 692 etiam
705 643 758 692 et
795 641 1031 709 pericula
1068 645 1288 711 propter
1325 661 1519 695 uxores
1555 645 1814 712 pessimas
1846 649 1940 699 aut

214 766 218 768 ,
249 714 315 767 ab
356 714 614 766 uxoribus
653 715 901 783 pessimis
941 716 1260 785 inferentur,
1307 720 1399 768 aut
1445 717 1693 770 adulterii
1740 719 1942 772 crimen

251 789 478 858 exurgit,
518 791 610 841 aut
649 807 797 841 amor
834 789 1028 859 inpura
1066 790 1392 861 cogitatione
1433 795 1735 861 conceptus

194 862 231 916 5
363 861 420 915 Si
459 862 642 915 Venus
690 865 994 932 temporum
1042 865 1257 917 domina
1294 865 1458 917 fuerit
1498 866 1699 936 effecta,
1751 885 1815 919 ex
1857 868 1942 920 de-

249 937 436 989 cennio
493 955 589 989 suo
646 935 760 989 Soli
809 936 938 990 XIX
992 938 1212 1007 deputat
1266 957 1490 992 menses,
1569 939 1702 993 Cum
1758 942 1940 1010 itaque
1965 964 2008 995 ιο

251 1010 346 1063 Sol
385 1010 698 1080 deputatum
747 1011 851 1064 sibi
899 1029 929 1063 a
967 1011 1175 1065 Venere
1221 1015 1435 1082 tempus
1474 1015 1759 1084 acceperit,
1809 1016 1940 1068 facit

248 1088 310 1137 ut
350 1103 471 1137 suas
518 1085 731 1155 fugiant
779 1103 987 1154 semper
1031 1104 1241 1157 uxoreS‚
1293 1091 1346 1139 et
1391 1087 1496 1140 hoc
1543 1106 1662 1141 cum
1702 1090 1941 1158 periculo

249 1159 439 1227 capitis
480 1162 532 1211 et
572 1177 692 1212 cum
731 1160 935 1213 iactura
972 1161 1282 1229 patrimonii
1316 1179 1527 1230 semper
1559 1162 1815 1216 efficiunt.
1884 1163 1942 1216 Si

247 1251 374 1286 vero
429 1232 573 1286 Iovis
627 1251 852 1303 prosper
904 1235 1085 1288 radius
1140 1236 1440 1304 accesserit,
1494 1237 1939 1307 peregrinationis

247 1307 655 1360 necessitatibus
695 1311 1022 1377 separantur.
1968 1333 2008 1366 15

192 1384 227 1436 6
359 1380 417 1434 Si
456 1381 639 1434 Venus
679 1384 983 1451 temporum
1025 1382 1241 1436 domina
1279 1384 1443 1436 fuerit
1483 1384 1692 1453 effecta,
1743 1403 1808 1437 ex
1855 1386 1941 1438 de-

248 1457 435 1508 cennio
477 1474 572 1508 suo
613 1455 878 1509 Mercurio
911 1456 1013 1509 XX
1045 1457 1266 1526 deputat
1297 1476 1519 1511 menses.
1592 1457 1725 1511 Cum
1758 1460 1940 1528 itaque

246 1529 543 1582 Mercurius
595 1531 906 1599 deputatum
954 1532 1057 1584 sibi
1097 1550 1127 1583 a
1166 1531 1372 1584 Venere
1411 1536 1621 1601 tempus
1662 1535 1940 1605 acceperit,

249 1604 428 1656 omnia
466 1606 684 1675 negotia
721 1623 977 1674 prospero
1019 1609 1213 1658 eventu
1253 1606 1491 1675 conpleri
1530 1607 1794 1677 perficiet3
1837 1608 1939 1660 fre-

249 1679 466 1747 quentia
505 1679 667 1730 etiam
704 1679 939 1732 laetitiae
979 1681 1172 1749 gaudia
1212 1680 1467 1749 decernit,
1518 1681 1666 1733 lucra
1704 1682 1939 1734 maxima
1964 1704 2006 1735 20

248 1752 477 1804 conferri
516 1753 676 1804 faciet
715 1756 767 1804 et
806 1753 997 1806 idonea
1037 1754 1277 1805 subsidia
1314 1754 1649 1807 facultatum.

195 1828 226 1879 7
359 1825 415 1878 Si
455 1826 638 1879 Venus
685 1830 986 1896 temporum
1035 1827 1250 1880 domina
1296 1828 1458 1880 fuerit
1498 1829 1699 1898 effecta,
1751 1847 1815 1881 ex
1854 1830 1938 1883 de-

247 1901 433 1952 cennio
475 1919 570 1953 suo
610 1901 791 1954 Lunae
830 1901 985 1954 XXV
1025 1902 1246 1971 deputat
1284 1920 1508 1955 menses,
1582 1901 1716 1956 Cum
1756 1904 1936 1973 itaque

245 1974 397 2026 Luna
437 1974 894 2044 deputatum·sibi
933 1994 963 2026 a
1001 1975 1207 2028 Venere
1247 1979 1457 2045 tempus
1499 1978 1775 2047 acceperit,
1820 1979 1939 2030 stri-

245 2048 427 2100 dorem
477 2049 654 2101 animo
706 2049 807 2101 zeli
855 2049 1074 2101 latentis
1126 2050 1329 2102 indicit.
1409 2049 1466 2102 Si
1517 2070 1639 2103 vero
1680 2051 1831 2104 Luna
1880 2054 1937 2104 in
1961 2074 2002 2107 25

243 2123 492 2192 genitura
537 2123 701 2175 fuerit
746 2123 904 2192 plena
949 2124 1260 2192 luminibuS‚
1309 2127 1360 2177 et
1407 2125 1456 2177 ei
1494 2124 1678 2177 Venus
1719 2126 1936 2194 deputa-

243 2197 381 2248 verit
420 2200 678 2266 tempora‚
718 2197 967 2250 maximis
1006 2198 1134 2266 <in>
1172 2198 1331 2251 rebus
1370 2199 1600 2268 nocebit,
1642 2201 1821 2253 omnia
1861 2201 1937 2252 in-

245 2270 607 2323 fortuniorum
648 2273 920 2324 concitans
960 2271 1103 2324 vitia.

366 2451 390 2488 5
425 2446 566 2488 etiam
602 2446 668 2504 Γ]
702 2447 785 2489 aut
815 2452 849 2488 D
884 2449 931 2490 et
962 2451 1038 2489 Nv
1094 2449 1100 2503 Ι
1159 2447 1387 2490 accedunt
1420 2451 1458 2491 Δ
1594 2453 1618 2491 6
1651 2449 1789 2492 turba
1821 2464 1934 2494 corr.

245 2520 273 2546 a
412 2509 465 2547 10
498 2504 603 2547 XIX
636 2504 732 2548 Soli
764 2503 858 2547 A‘B
990 2511 1044 2548 14
1076 2520 1269 2562 prosper
1299 2505 1371 2564 A']
1403 2521 1626 2563 prospera
1676 2510 1682 2564 Ι
1732 2508 1935 2553 radiatio

246 2566 333 2606 AG
453 2568 508 2606 20
543 2565 684 2606 etiam
710 2579 792 2608 om.
820 2567 858 2607 Δ
975 2569 1029 2606 22
1065 2565 1253 2608 domina
1279 2567 1539 2621 temporum
1565 2569 1603 2610 Δ
1720 2571 1774 2610 23
1809 2567 1936 2610 XXV

239 2628 344 2678 post
375 2636 555 2666 menses
591 2626 638 2666 Γ
674 2625 680 2678 Ι
723 2625 965 2678 computat
997 2626 1035 2666 Δ
1182 2630 1237 2667 24
1271 2625 1467 2668 stridore
1504 2628 1550 2668 Γ
1688 2631 1741 2669 25
1775 2627 1862 2670 zeli
1894 2629 1931 2684 ζ]

246 2681 352 2724 telis
404 2685 409 2737 Ι
459 2680 650 2726 latentis
692 2696 774 2727 om.
809 2685 847 2725 A
1002 2687 1055 2724 26
1096 2682 1238 2726 fuerit
1273 2683 1413 2739 plena
1445 2685 1493 2727 in
1525 2684 1742 2740 genitura
1774 2688 1814 2729 Δ

246 2744 301 2782 27
335 2741 441 2784 add.
474 2757 501 2783 a.
