2084 3192
818 131 924 175 VIII
955 137 997 186 4,
1022 143 1182 176 10—15.
1734 131 1843 184 293

153 257 395 307 austrum
440 252 629 324 vergit,
676 252 813 305 alius
860 253 925 305 ad
973 251 1291 321 aquilonem.
1367 249 1407 304 I.
1446 251 1628 319 itaque
1673 258 1729 305 'et
1775 250 1843 305 II.

154 332 333 397 partes
371 328 427 380 in
467 326 714 380 australis
755 326 925 379 Piscis
965 343 1055 379 ore
1095 325 1440 394 collocantur,
1485 323 1579 378 III.
1619 343 1746 378 vero
1790 329 1844 378 et

153 401 246 455 IV.
279 405 333 456 et
363 402 427 454 V.
464 402 520 454 in
559 401 795 453 eiusdem
834 399 1006 453 Piscis
1046 401 1220 468 capite
1259 402 1549 469 ponuntur,
1588 399 1645 451 in
1683 399 1847 452 fauci-

154 477 253 529 bus
309 477 456 544 duae,
508 478 618 527 tres
665 493 800 544 quae
848 477 1145 543 sequuntur
1189 474 1247 526 in
1290 473 1474 526 ordine
1515 475 1847 527 collocantur
1929 524 1932 526 Α

110 573 128 605 5
155 551 211 602 in
243 553 395 616 collo,
427 548 516 602 XI.
549 566 674 601 vero
715 552 769 600 et
799 547 917 602 XII.
950 548 1008 600 in
1039 550 1277 600 extrema
1315 547 1646 617 reperientur
1676 548 1845 617 spina,

157 626 436 693 sequentes
475 641 600 675 vero
641 626 749 675 tres
782 641 878 691 per
909 622 1150 674 ordinem
1184 621 1419 674 eiusdem
1450 621 1621 675 Piscis
1654 622 1844 675 dorsus

154 698 389 767 accipiet.
450 695 594 750 XVI.
637 700 691 748 et
736 695 907 748 XVII.
947 700 1000 748 et
1046 694 1243 748 XVIH.
1284 696 1341 748 in
1379 696 1490 748 lino
1542 696 1844 749 invenimus

152 772 402 826 Piscium.
478 770 543 824 In
590 789 652 824 eo
698 789 825 824 vero
874 770 965 838 qui
1013 771 1080 822 ad
1125 769 1430 838 aquilonem
1473 770 1662 841 vergit,
1701 769 1843 823 XIX.
1865 769 1932 823 13

153 849 427 915 ponuntur
464 845 521 898 in
562 845 750 915 capite,
787 848 895 897 tres
934 862 1060 898 vero
1101 847 1383 912 sequentes
1422 845 1478 896 in
1516 847 1748 913 pectore,
1787 844 1845 896 in

89 946 130 978 ιο
154 921 354 974 cervice
391 938 516 972 vero
556 923 666 971 tres
705 919 839 971 aliae
878 937 1014 989 quae
1054 922 1373 987 sequuntur,
1411 917 1469 970 in
1508 918 1674 970 cauda
1713 918 1846 971 duae

151 995 472 1047 novissimae
532 996 875 1046 collocantur.
954 991 1057 1045 Sed
1117 995 1225 1046 tres
1286 993 1608 1061 posteriores
1667 996 1846 1061 partes

153 1069 388 1121 Piscium
435 1086 570 1136 quae
617 1069 758 1120 inter
802 1066 1041 1120 Arietem
1090 1070 1215 1119 sunt
1255 1070 1309 1118 et
1369 1066 1565 1134 Pisces,
1621 1067 1847 1119 obscura

153 1144 324 1213 caligo
365 1160 572 1210 semper
610 1141 892 1195 innubilat.
953 1140 1070 1193 Hac
1109 1160 1173 1193 ex
1206 1159 1363 1193 causa
1395 1141 1441 1193 si
1474 1141 1592 1210 quis
1624 1141 1680 1193 in
1713 1140 1846 1209 ipsis

154 1217 396 1286 partibus
435 1220 528 1269 aut
569 1215 748 1268 Solem
787 1215 1036 1268 habuerit
1075 1219 1167 1267 aut
1205 1214 1428 1283 Lunam,
1475 1215 1588 1266 sine
1631 1215 1846 1268 benivo-

88 1315 129 1347 15
154 1291 327 1343 larum
368 1293 642 1345 stellarum
681 1290 1009 1357 testimoniO,
1049 1293 1141 1341 aut
1180 1292 1441 1358 perpetua
1471 1290 1723 1342 caecitate
1755 1292 1848 1341 aut

154 1365 360 1418 miseris
401 1364 679 1418 oculorum
720 1364 1085 1416 debilitatibus
1126 1364 1475 1432 opprimetur.

262 1438 348 1491 Ex
394 1439 496 1491 ista
544 1438 804 1491 divisione
843 1437 1078 1506 partium
1119 1456 1236 1490 cum
1279 1437 1456 1490 locum
1495 1437 1750 1490 vitiorum
1791 1439 1845 1489 et
1866 1436 1934 1488 14

153 1513 463 1566 valitudinis
511 1530 763 1581 quaerere
811 1512 1066 1582 coeperiS,
1112 1511 1546 1564 manifestissime
1593 1514 1646 1563 et
1699 1511 1846 1565 facil-

152 1587 278 1639 lime
317 1587 419 1639 hoc
458 1590 634 1639 totum
673 1586 874 1655 poteris
914 1587 1165 1639 invenire.
1230 1585 1332 1639 Sed
1372 1586 1515 1638 hunc
1551 1585 1729 1638 locum
1772 1585 1846 1637 di-

88 1687 130 1718 20
154 1662 309 1715 vinus
371 1662 462 1714 ille
523 1660 885 1729 Nechepso
948 1661 1182 1713 remedia
1234 1660 1546 1713 valitudinis
1609 1659 1847 1711 invenire

156 1756 179 1783 ,κ
201 1755 296 1804 **,
328 1735 859 1805 diligentissimeque,
896 1738 1059 1803 prout
1089 1735 1268 1803 potuit
1299 1734 1537 1786 divinum
1571 1734 1847 1804 ingenium

152 1810 290 1861 tanti
343 1810 462 1877 viri,
516 1809 814 1862 manifestis
876 1809 1194 1861 tractatibus
1249 1808 1552 1876 explicavit.
1636 1807 1846 1860 Horum

151 1883 411 1936 librorum
459 1883 561 1936 tibi
600 1884 1097 1951 interpretationem
1137 1883 1242 1935 alio
1283 1887 1519 1951 tempore
1558 1881 1790 1934 Mavorti
1806 1891 2030 1937 fol-103'II

155 1958 312 2010 decus
352 1961 610 2025 nostrum,
649 1958 898 2010 intimare
938 1958 1148 2010 curabo.
1224 1956 1385 2010 Nunc
1429 1974 1702 2009 mensuras
1742 1955 1846 2009 sin·
1868 1953 1935 2007 15

88 2057 128 2088 25
156 2031 402 2100 gularum
454 2033 690 2101 partium
747 2031 1039 2100 explicabo.
1116 2031 1203 2082 Ex
1257 2049 1362 2099 qua
1406 2031 1847 2098 interpretatione

155 2124 367 2158 omnem
427 2124 730 2158 mensuram
801 2105 1004 2158 zodiaci
1074 2105 1259 2158 circuli
1328 2105 1529 2173 poteris
1595 2105 1847 2156 invenire.

156 2179 267 2248 [De
314 2197 605 2232 mensura
658 2182 719 2231 et
771 2179 1212 2249 magnitudine
1261 2178 1626 2248 signorum]
1702 2178 1846 2230 Men·

156 2271 334 2306 suram
382 2271 592 2322 quoque
639 2253 741 2305 tibi
788 2258 841 2305 et
888 2252 1312 2323 magnitudinem
1352 2253 1630 2321 explicabo
1671 2253 1846 2322 signo-

278 2404 297 2442 1
327 2398 485 2454 itaque
510 2397 628 2455 A'N]
654 2397 799 2454 igitur
822 2403 903 2441 BG
1018 2403 1042 2440 2
1067 2412 1176 2454 pars
1203 2433 1210 2441 .
1239 2433 1247 2442 .
1277 2433 1285 2440 .
1313 2397 1567 2442 collocatur
1590 2400 1630 2440 Δ
1747 2402 1772 2442 3
1798 2395 1846 2439 in

150 2464 255 2514 post
286 2458 432 2500 Piscis
459 2471 567 2512 pon.
594 2460 634 2500 Δ
694 2460 698 2513 Ι
758 2457 972 2501 faucibus
998 2458 1054 2516 G]
1087 2457 1297 2501 faciebus
1419 2462 1446 2500 4
1479 2458 1528 2500 in
1560 2456 1721 2500 ordine
1754 2456 1847 2500 col-

155 2517 370 2561 locantur
405 2517 472 2574 Γ]
512 2516 788 2560 ordinantur
819 2519 859 2560 Δ
893 2518 994 2573 (per
1025 2517 1234 2560 ordinem
1266 2515 1425 2560 colloc.
1460 2517 1498 2571 ζ)
1651 2521 1675 2559 5
1717 2529 1845 2571 repe-

155 2577 301 2619 rietur
332 2579 368 2617 A
410 2575 703 2631 reperiantur
733 2580 771 2617 N
904 2581 928 2619 6
963 2577 1148 2620 dorsum
1181 2575 1286 2618 AD²
1408 2580 1429 2618 7
1464 2575 1582 2618 XVI.
1614 2588 1720 2618 vero
1753 2579 1788 2616 G

157 2640 183 2679 8
223 2635 379 2678 Pisces
411 2639 448 2676 A
486 2634 632 2677 Piscis
663 2649 692 2676 v
730 2634 836 2678 Pisc
869 2639 903 2676 G
1054 2640 1078 2678 9
1119 2635 1374 2692 ponuntur]
1418 2636 1561 2678 mirus
1584 2635 1788 2690 pluralis
1838 2634 1842 2692 Ι

156 2708 261 2738 vero
288 2700 393 2738 ante
416 2695 652 2749 ponuntur
674 2694 774 2737 hab.
801 2692 850 2735 A'
886 2696 1042 2737 autem
1068 2695 1233 2738 ibidem
1258 2698 1292 2736 G
1412 2699 1462 2736 11
1491 2694 1657 2737 noviss.
1685 2692 1844 2736 colloc.

158 2754 277 2796 duae
309 2756 348 2796 Δ
473 2757 526 2796 16
561 2751 797 2795 oculorum
829 2753 876 2810 κ]
909 2753 1113 2808 corporis
1146 2757 1183 2794 A
1230 2767 1473 2808 corporum
1504 2758 1579 2796 cet.
1631 2755 1637 2807 Ι
1688 2751 1845 2807 oppri-

155 2813 299 2855 mitur
331 2816 411 2854 GN
561 2816 614 2854 21
657 2812 824 2855 excidit
860 2812 951 2865 fere
990 2811 1259 2855 desiderans
1297 2811 1541 2866 inquisivit
1572 2814 1596 2862 ζ
1634 2812 1703 2867 (ut
1733 2824 1843 2854 rem.

156 2872 243 2915 val.
276 2871 505 2914 inveniret
536 2869 894 2926 diligentissime
927 2870 1115 2925 quidem
1147 2876 1190 2926 a)
1342 2875 1397 2913 22
1437 2871 1600 2912 horum
1632 2884 1715 2914 om.
1746 2872 1792 2912 Γ

158 2935 212 2973 23
246 2929 678 2985 interpretationem
709 2928 796 2972 tibi
829 2931 868 2971 Δ
1007 2934 1061 2972 27
1096 2931 1254 2974 lemma
1286 2944 1366 2974 om.
1401 2934 1437 2971 1)
1461 2930 1647 2985 plenius
1676 2930 1776 2973 hab.
1807 2933 1845 2969 N
