2066 3192
767 141 832 186 VI
862 145 904 196 4,
929 144 1052 195 5—5‚
1076 153 1112 186 4.
1717 142 1784 194 79

93 263 330 315 stitutus,
394 261 544 315 Tunc
575 262 717 315 enim
748 262 1014 333 gloriosae
1044 262 1290 315 licentiae
1316 266 1624 333 potestateS,
1656 266 1786 316 tunc

90 336 355 390 honorum
404 336 761 391 decernuntur
804 336 1043 407 imperia.
1121 335 1179 390 Si
1218 354 1342 390 vero
1389 336 1473 390 his
1517 338 1594 390 sic
1633 355 1754 390 con·
1770 349 1913 393 s01·⁶9r
1923 353 1946 384 Ι

92 411 297 463 stitutis
358 429 422 464 ex
485 410 590 464 alio
647 411 851 482 trigoni
903 411 1069 464 latere
1122 411 1222 464 hos
1276 411 1486 464 eosdem
1540 410 1836 481 Iuppiter2

90 503 346 555 prospera
383 485 678 539 radiatione
717 487 1024 556 respexerit,
1062 487 1119 538 in
1148 485 1336 555 primis
1367 486 1645 556 geniturae
1676 504 1784 539 car-

46 581 66 613 5
92 559 304 612 dinibus
345 561 692 629 constitutus,
734 563 786 612 et
826 579 892 613 ex
930 561 1073 612 bono
1111 559 1230 613 loco
1270 559 1355 613 his
1396 560 1643 614 omnibus
1682 560 1785 613 Lu-

88 652 188 686 nae
236 634 416 686 radius
463 635 766 704 accesserit,
813 638 942 688 tunc
988 635 1247 687 maximas
1295 635 1784 688 administrationes

5 714 17 720 '
90 709 462 777 exercitusque
502 709 864 779 committunt,
903 712 956 762 et
994 709 1206 762 infinita
1241 709 1520 779 dignitatis
1551 710 1785 781 insignia

90 800 211 835 cum
251 784 514 836 maximae
552 783 798 837 licentiae
835 787 1100 854 potestate
1140 783 1443 836 decernunt.
1515 782 1619 837 Sed
1653 785 1784 838 haec

90 861 245 910 erunt
289 857 536 927 fortiora,
588 858 634 910 si
671 858 815 911 Mars
863 861 917 911 et
957 857 1051 911 Sol
1097 862 1150 911 et
1187 857 1432 928 Iuppiter
1478 859 1535 911 in
1582 877 1784 911 mascu-

21 953 66 986 10
88 930 215 984 linis
255 931 423 1003 signis
462 933 663 985 fuerint
701 932 996 987 constituti.

201 1019 391 1090 [Mars
433 1023 493 1073 et
531 1020 745 1074 Venus
784 1021 1070 1092 trigoni]
1112 1021 1170 1075 Si
1201 1021 1344 1074 Mars
1385 1026 1438 1074 et
1472 1021 1652 1075 Venus
1691 1021 1834 1074 tri-3

90 1095 282 1165 gonica
326 1094 529 1148 fuerint
573 1096 870 1149 radiatione
918 1096 1212 1164 coniuncti,
1267 1100 1320 1148 et
1365 1097 1475 1148 sint
1520 1096 1678 1149 ambo
1727 1095 1783 1148 in

90 1170 369 1237 oportunis
407 1171 686 1240 geniturae
722 1170 857 1224 locis
895 1170 1079 1239 positi,
1128 1174 1181 1223 et
1221 1171 1286 1223 ab
1328 1171 1576 1224 omnibus
1618 1171 1783 1223 deiec-

90 1245 299 1296 tionum
353 1244 748 1298 humilitatibus
804 1246 1056 1315 separati,
1120 1245 1456 1314 quottidiana
1516 1245 1666 1299 lucra
1719 1263 1783 1297 ex

21 1338 64 1371 ια
89 1318 301 1370 assidua
333 1322 653 1387 quaestuum
686 1319 1088 1373 continuatione
1120 1320 1423 1388 decernunt,
1456 1322 1508 1372 et
1540 1319 1783 1389 prosperi

87 1393 418 1445 matrimonii
455 1395 674 1463 nuptias
714 1413 779 1446 ex
819 1395 922 1447 ista
955 1394 1348 1448 coniunctionis
1381 1395 1635 1448 societate
1666 1413 1783 1463 per-

86 1467 291 1535 ficiunt,
337 1469 390 1520 et
437 1471 592 1520 erunt
637 1469 771 1521 tales
819 1469 910 1537 qui
961 1487 1014 1521 se
1064 1487 1273 1539 semper
1312 1472 1466 1539 grata
1503 1469 1783 1521 honestate

88 1545 408 1611 conponant,
446 1542 676 1611 superbo
714 1543 989 1612 potentiae
1030 1544 1223 1613 spiritu
1264 1543 1543 1612 sublevati,
1582 1546 1635 1596 et
1667 1543 1783 1611 plu-

86 1616 222 1668 rima
260 1616 599 1669 matrimonia
638 1620 900 1670 sectantes
940 1617 1072 1670 haec
1107 1618 1290 1670 eadem
1321 1618 1592 1670 facillimis
1625 1618 1783 1670 ratio-

0 1709 65 1744 120
86 1689 246 1742 nibus
285 1694 691 1760 consequantur.

200 1778 389 1847 [Mars
431 1783 491 1832 et
528 1779 883 1833 Mercurius
923 1781 1205 1852 trigoni]
1271 1780 1329 1833 Si
1368 1780 1512 1833 Mars
1552 1784 1605 1833 et
1644 1780 1834 1833 Mer-4

88 1854 266 1906 curius
316 1853 580 1924 trigonica
631 1854 832 1907 fuerint
881 1855 1176 1908 radiatione
1229 1855 1524 1923 coniuncti,
1574 1858 1628 1907 et
1675 1857 1783 1908 sint

0 1961 1 1986 ;
89 1927 247 1980 ambo
295 1927 350 1979 in
398 1929 678 1997 oportunis
726 1930 1005 1999 geniturae
1050 1931 1183 1983 locis
1232 1930 1412 1998 positi,
1459 1933 1512 1982 et
1557 1930 1623 1983 ab
1673 1948 1780 1982 om-

0 2004 1 2056 }
88 2000 247 2054 nibus
300 2002 656 2056 deiectionum
703 2003 1102 2056 humilitatibus
1150 2005 1402 2074 separati,
1452 2004 1657 2057 faciunt
1705 2023 1781 2057 sa-

16 2096 65 2130 35
88 2075 294 2144 pientes
345 2080 397 2128 et
447 2077 513 2129 ab
566 2078 815 2130 omnibus
863 2078 1072 2131 actibus
1118 2079 1388 2147 prosperis
1437 2079 1779 2131 consiliorum

89 2150 387 2203 rationibus
426 2151 553 2220 (se)
592 2153 942 2220 explicantes,
994 2156 1046 2204 et
1088 2171 1221 2221 quos
1261 2153 1318 2205 in
1357 2153 1502 2205 omni
1541 2153 1782 2224 negotio-

91 2325 173 2379 ρὸν
206 2324 230 2369 ὁ
254 2323 407 2381 ’Ἄρης-
443 2360 482 2370 ..
529 2325 631 2371 τότε
724 2361 734 2372 .
768 2328 1020 2384 κρατεροὺς
1050 2328 1283 2380 δυνάστας
1314 2336 1451 2374 ποιεῖ.
1509 2329 1550 2373 εἰ
1582 2328 1633 2374 δὲ
1664 2328 1781 2382 πρὸς

89 2384 270 2435 τούτοις
302 2385 381 2428 καὶ
414 2384 438 2428 ὁ
474 2386 589 2438 Ζεύς
621 2386 714 2430 ἐστι
744 2385 967 2443 τρίγωνος
999 2388 1142 2432 αὐτοῦ
1174 2388 1255 2432 καὶ
1288 2385 1556 2444 §niuem-909
1585 2396 1667 2446 τῆς
1695 2390 1779 2432 Σε-

90 2442 231 2500 λήνης
270 2444 319 2488 ἐν
356 2442 481 2504 τόπῳ
521 2448 644 2503 καλῷ
684 2446 836 2503 οὔσης,
868 2444 970 2491 τότε
1009 2447 1090 2491 καὶ
1122 2451 1238 2505 ζωῆς
1268 2448 1349 2491 καὶ
1381 2447 1596 2492 θανάτου
1627 2445 1779 2505 γίνον-

88 2518 165 2545 ται
211 2503 362 2558 κύριοι
546 2509 719 2549 14-20
760 2509 913 2560 175‚1
963 2504 1189 2562 εὐπορίαν
1236 2507 1315 2551 καὶ
1361 2505 1491 2564 λέχος
1539 2507 1779 2564 εὔνυμφον

91 2559 265 2606 δίδωσι.
331 2561 615 2621 φιλόκοσμον
644 2571 772 2609 ποιεῖ
799 2565 879 2609 καὶ
911 2565 1267 2622 μεγαλόφρονας
1296 2567 1376 2610 καὶ
1407 2568 1587 2610 πολλῶν
1620 2583 1778 2623 γυναι-

91 2627 185 2665 κῶν
216 2619 320 2679 λέχη
353 2625 615 2679 θηρῶντας.
709 2629 765 2667 24
797 2627 901 2678 175,
928 2629 983 2668 14
1015 2625 1304 2682 ἐμπράκτους
1336 2626 1415 2669 καὶ
1452 2626 1667 2676 συνετοὺς
1699 2626 1778 2669 καὶ

211 2773 235 2812 2
268 2769 340 2812 his
370 2771 438 2828 Γ]
472 2771 521 2813 in
553 2771 611 2815 iis
637 2774 676 2814 Δ
771 2776 796 2815 3
829 2786 884 2815 ex
908 2773 1012 2830 AG]
1047 2775 1094 2815 et
1123 2775 1195 2829 ΓΙ
1223 2772 1397 2830 trigoni
1420 2773 1478 2830 N]
1510 2772 1695 2830 trigono

93 2832 117 2869 5
152 2828 199 2871 et
223 2841 278 2871 ex
301 2830 358 2887 N]
385 2831 433 2873 et
450 2832 495 2873 Γ
514 2844 570 2873 ex
593 2836 628 2872 D
657 2834 663 2886 Ι
690 2831 811 2875 bono
836 2831 938 2875 loco
965 2831 1294 2890 (collocatae)
1320 2846 1345 2874 σ
1407 2836 1432 2876 8
1465 2832 1668 2875 maxima
1693 2846 1718 2875 σ

94 2890 148 2928 14
174 2887 412 2932 cotidiana
429 2891 468 2932 Δ
535 2893 587 2932 19
614 2889 697 2948 <et
721 2890 838 2948 qui>
863 2890 980 2933 haec
1004 2908 1031 2934 κ
1094 2895 1146 2934 21
1174 2891 1298 2934 Mars
1323 2905 1427 2934 cum
1444 2891 1671 2935 Mercurio
1696 2890 1777 2933 tri-

93 2959 215 3000 gona
245 2946 388 2990 fuerit
419 2963 452 2990 r.
487 2949 761 2992 coniunctus
794 2953 833 2993 Δ
941 2954 995 2992 26
1030 2951 1135 2994 add.
1163 2964 1188 2992 σ
1221 2951 1385 3005 (possis
1415 2951 1551 2994 etia-m
1583 2951 1715 3005 alibi)

11 3090 34 3192 nov-³-
