2038 3162
271 107 398 151 XXX
939 105 1297 152 PRAEFATIO.

270 248 392 296 locis
415 249 607 296 textum
631 249 918 310 corruptum
942 247 1155 296 feliciter
1170 248 1468 311 emendavit,
1490 247 1961 312 interpolationibus

271 322 538 383 abstinuit3
583 338 700 370 nam
737 322 1138 385 supplementum
1177 322 1422 384 spurium,
1471 339 1569 385 quo
1612 325 1666 371 in
1707 322 1835 370 libro
1873 321 1959 370 IV.

273 389 404 464 (189
426 389 491 463 ιε)
523 396 754 444 lacunam
783 398 837 444 in
869 396 1096 444 omnibus
1135 395 1236 444 fere
1277 398 1452 445 ceteris
1483 397 1730 446 codicibus
1763 395 1964 445 obviam

273 469 502 532 explevit,
533 486 632 518 non
662 471 769 532 ipse
801 469 958 531 finxit,
989 470 1074 518 sed
1103 471 1158 518 in
1188 469 1316 519 libro
1347 470 1531 534 Angeli
1561 471 1768 532 invenit,
1799 471 1882 519 cui
1912 471 1964 519 et

274 544 469 606 aliquot
503 544 869 592 emendationes
902 543 1060 592 debet.
1117 544 1338 601 Quarum
1370 545 1500 593 aliae
1525 545 1770 607 quaedam
1792 561 1830 593 v
1852 559 1963 593 cum

270 622 323 666 N
361 634 644 667 communes
683 621 822 679 sunt,
862 619 949 680 qui
987 633 1099 666 cum
1146 619 1324 667 editori
1370 618 1584 681 principi
1622 621 1820 682 praesto
1860 634 1960 667 non

177 691 181 693 “
271 692 423 740 fuerit
438 692 551 740 illas
569 709 680 740 eum
698 691 856 742 codici
880 708 967 741 suo
989 692 1164 741 debere
1187 693 1507 741 manifestum
1529 692 1598 740 fit.
1639 693 1698 741 In
1723 692 1960 742 fasciculo

273 766 484 815 secundo
501 766 796 830 paginarum
823 769 872 815 et
896 766 1237 815 columnarum
1262 767 1494 815 editionis
1517 783 1555 815 v
1578 767 1724 816 initia
1747 767 1964 830 margini

273 841 641 903 adscripsimus,
674 856 787 888 cum
818 841 1112 903 praesertim
1149 842 1203 889 in
1236 841 1487 890 Thesauro
1516 842 1720 905 linguae
1751 841 1962 889 Latinae

274 915 337 963 ad
375 915 464 963 has
503 916 714 978 paginas
752 916 851 963 loci
888 915 1174 964 Firmiciani
1211 915 1513 964 adferantur.
1578 914 1880 965 Consensum
1911 918 1962 964 A

274 992 324 1037 et
354 1005 393 1036 v
423 992 544 1038 nota
574 982 641 1039 A'
679 990 821 1038 nobis
860 989 1130 1052 significari
1159 991 1261 1037 iam
1298 1007 1345 1052 p.
1371 989 1490 1037 XVI
1522 991 1572 1038 et
1601 990 1698 1038 vol.
1729 989 1756 1038 I
1793 1006 1839 1052 p.
1865 988 1962 1036 VII

273 1063 501 1112 diximus.

349 1136 484 1195 Quae
511 1138 779 1186 editionem
803 1139 1075 1200 principem
1094 1137 1482 1200 subsequebatur
1507 1137 1694 1186 editio
1719 1137 1962 1198 Aldina,

273 1212 351 1260 cui
383 1211 734 1261 subscribitur:
784 1213 992 1261 Venetiis
1015 1227 1151 1268 cura,
1185 1213 1230 1259 c&
1256 1212 1507 1273 diligentia
1530 1210 1650 1260 Aldi
1673 1212 1762 1260 Ro.
1788 1212 1961 1259 Mense

271 1287 413 1334 octob.
438 1288 512 1334 M.
529 1287 628 1335 ID.
679 1286 772 1336 Oui
808 1301 1080 1335 concessum
1120 1290 1188 1335 est
1225 1283 1286 1336 ab
1318 1287 1402 1334 Ill.
1425 1285 1472 1335 S.
1502 1286 1556 1335 V.
1587 1301 1647 1334 ne
1684 1287 1768 1334 lios
1811 1299 1962 1349 quoq3

271 1361 419 1409 libros
452 1363 540 1410 alii
576 1363 803 1421 cuiquam
843 1363 1039 1421 impune
1075 1363 1248 1422 formis
1288 1362 1515 1409 excudere
1552 1361 1711 1416 liceat,
1758 1360 1964 1407 Firmici

271 1434 730 1483 Astronomicorum
761 1435 913 1483 libros
946 1438 1056 1484 octo
1090 1430 1330 1495 ‘inte9r03,
1366 1436 1411 1482 ὢ
1443 1436 1731 1496 emendatOS,
1763 1449 1819 1483 ea:
1847 1433 1960 1495 Scy·

272 1510 408 1558 thiais
440 1511 539 1558 oris
564 1511 629 1557 acl
651 1524 739 1557 nos
769 1524 926 1569 nuper
951 1506 1141 1558 allatos'
1177 1525 1226 1557 se
1256 1509 1492 1572 praebere
1524 1510 1795 1572 gloriatur3
1828 1510 1878 1556 et
1908 1509 1960 1554 in

273 1583 498 1645 epistulis
538 1585 934 1646 nuncupatoriis‚
977 1583 1153 1646 quibus
1193 1584 1293 1645 ipsi
1326 1583 1455 1632 libro
1486 1583 1770 1644 praemissis
1803 1582 1961 1630 Aldus

271 1658 614 1721 typographus
663 1656 824 1706 Guido
873 1658 1128 1705 Pheretrio
1174 1657 1353 1707 Urbini
1401 1657 1514 1706 duci
1568 1660 1619 1705 et
1663 1656 1961 1706 Pescennius

272 1731 563 1780 Franciscus
593 1732 747 1796 Niger
779 1732 939 1781 editor
970 1732 1246 1794 Hippolyto
1279 1732 1476 1779 Estensi
1508 1731 1753 1780 cardinali
1781 1731 1959 1778 Firmi-

273 1822 383 1854 cum
415 1806 756 1854 commendare
788 1801 1058 1871 student1),
1091 1807 1241 1854 etiam
1267 1807 1427 1854 acrius
1458 1808 1511 1853 in
1536 1805 1802 1853 editionem
1825 1807 1962 1866 prin-

273 1881 431 1942 cipem
455 1881 757 1929 invehuntur
780 1881 856 1930 his
881 1880 1063 1928 verbis:
1099 1880 1235 1928 Nam
1259 1882 1343 1940 qui
1366 1880 1637 1940 vayabatur
1652 1881 1798 1938 prius
1820 1879 1963 1927 valde

273 1970 420 2014 quam
443 1955 739 2014 depravatus
764 1959 879 2009 erat,
906 1969 964 2002 ac
987 1955 1185 2002 mutilus
1210 1958 1252 2002 et
1274 1956 1376 2013 fere
1399 1954 1644 2001 dimidius.
1666 1979 1734 1986 —
1752 1953 1962 2012 Reliqui,

273 2042 364 2088 quo
394 2024 519 2076 nihil
548 2043 666 2077 sane
697 2029 1042 2084 detestabilius,
1083 2029 1348 2076 barbaram
1377 2029 1651 2088 mathesim,
1689 2029 1826 2075 novis
1858 2028 1960 2087 qui-

274 2104 479 2150 busdam
511 2103 879 2163 appendicibus,
920 2103 1267 2163 audaculisque
1305 2117 1461 2162 nuper
1490 2101 1962 2161 interpretationibus

272 2176 588 2232 maculosam,
621 2178 822 2236 infoelix
852 2178 998 2225 veluti
1020 2179 1145 2224 inter
1174 2178 1340 2237 fruyes
1371 2177 1559 2231 lolium,
1591 2179 1762 2223 sancta
1795 2189 1961 2223 carac-

275 2253 429 2298 torum
459 2252 772 2310 impressione
804 2252 1133 2300 disseminant.
1190 2251 1256 2298 Et
1295 2266 1442 2298 suum
1479 2250 1701 2298 laborem
1739 2249 1816 2297 his
1855 2250 1962 2297 lau-

274 2325 417 2372 dibus
463 2325 670 2373 tollunt:
723 2326 913 2374 Iulium
960 2325 1245 2373 Maternum
1278 2362 1287 2371 .
1324 2361 1332 2370 .
1369 2362 1377 2370 .
1410 2325 1665 2383 publicare
1706 2324 1963 2379 voluimus,

273 2399 449 2458 tibique
481 2399 604 2446 dono
635 2401 819 2448 mittere
854 2399 1014 2448 Guide
1037 2401 1269 2459 princeps
1301 2399 1581 2458 doctissime,
1616 2399 1713 2445 rati
1743 2399 1847 2457 fore
1877 2397 1964 2444 tibi

269 2474 624 2532 qratissimum,
671 2474 798 2533 quod
839 2476 1041 2534 inteye’m
1090 2475 1132 2520 et
1177 2472 1423 2520 absolutus
1470 2472 1681 2532 abusque
1731 2470 1863 2519 Getis
1909 2472 1963 2517 in

274 2547 477 2594 Italiam
514 2548 699 2603 redeat,
746 2562 949 2607 suosque
987 2549 1189 2603 revisat,
1237 2550 1278 2594 et
1306 2547 1542 2604 patriam.
1573 2571 1638 2578 ——
1672 2545 1804 2591 Hinc
1843 2545 1962 2592 luci-

276 2622 530 2668 dissimum
562 2621 622 2668 ab
655 2623 878 2669 orientali
908 2622 1163 2680 horoscopo
1196 2623 1331 2667 tuum
1362 2621 1499 2667 siclus
1533 2620 1741 2679 emersit,
1773 2618 1961 2678 Hippo-

274 2698 366 2754 lyte
406 2695 724 2753 faustissime,
765 2696 890 2754 quod
929 2696 1052 2742 sicut
1091 2694 1205 2742 olim
1236 2694 1410 2754 lucifer
1439 2692 1679 2748 Aeneam,
1725 2694 1778 2739 in
1815 2693 1962 2739 horas

349 2867 390 2920 1)
423 2864 531 2908 huic
564 2864 876 2920 subscriptum
908 2865 988 2909 Eoe
1017 2865 1280 2918 ferrariano
1311 2863 1562 2918 ‘municipio
1589 2895 1597 2906 .
1626 2896 1636 2906 .
1664 2896 1672 2905 .
1708 2863 1777 2906 M.
1800 2862 1952 2907 CCCC

276 2924 495 2977 XCVII„
528 2923 598 2966 illi
632 2924 828 2969 Venetiis
853 2959 861 2967 .
890 2959 898 2967 .
925 2959 934 2967 .
963 2925 1032 2967 M.
1050 2924 1142 2967 ID.
