2066 3192
278 126 347 178 74
1002 126 1231 172 FIRMICI

276 247 448 300 centia
487 249 791 316 potestatiS‚
840 247 1074 317 propi-iis
1118 247 1392 301 laboribus
1430 249 1661 301 maxima
1701 249 1804 302 sibi
1842 266 1963 303 con-

273 324 520 390 parantes
568 322 844 392 dignitatis
890 322 1147 393 insignia‚
1192 325 1350 375 notos
1395 322 1602 376 nobiles
1648 323 1961 393 imperiosos

274 399 328 448 et
364 395 719 448 maximarum
760 395 1037 449 civitatum
1078 396 1258 450 officia
1295 397 1665 468 gubernantes,
1737 397 1841 451 Sed
1871 396 1963 450 isti

273 469 537 522 maiorum
583 470 813 522 fratrum
859 473 1062 523 mortes
1110 470 1323 523 assidua
1368 470 1713 540 ra[dia]tione
1761 471 1964 542 [conse-

274 543 528 614 quantur]
569 544 918 614 conspiciunt.
2009 567 2029 601 5

189 633 258 686 10
387 631 725 702 [Saturnus
766 636 826 686 et
859 632 969 686 Sol
1000 633 1283 703 trigoni]
1326 632 1383 686 Si
1416 632 1677 687 Saturnus
1710 632 1822 687 Soli
1853 635 1962 686 fue-

181 736 185 739 ’
272 707 344 759 rit
396 707 660 778 trigonica
713 708 1008 761 radiatione
1062 708 1392 777 coniunctUS‚
1439 711 1492 762 et
1545 710 1654 761 sint
1699 708 1857 761 ambo
1908 708 1965 760 in

274 781 554 850 oportunis
587 782 863 852 geniturae
901 782 1032 835 locis
1072 783 1258 852 positi,
1309 786 1362 835 et
1400 782 1465 834 ab
1506 783 1753 835 omnibus
1791 782 1963 835 humi—

272 855 515 908 litatibus
556 857 807 926 separati,
855 856 926 909 sit
964 857 1124 909 etiam
1165 856 1353 909 diurna
1391 857 1661 927 genitura,
1707 858 1848 910 vitae
1888 857 1965 908 in-

274 930 447 1000 signia
492 931 717 983 assiduis
762 932 1194 1000 promotionibus
1243 931 1522 1001 dignitatis
1569 931 1864 1000 cumulant,
1912 933 1965 990 et
1989 953 2031 986 ιο

274 1004 535 1056 maximae
574 1005 867 1058 decernunt
896 1005 1100 1076 gloriae
1130 1007 1467 1075 potestatem,
1507 1008 1561 1058 et
1591 1005 1841 1058 notitiam
1871 1022 1965 1058 no-

272 1078 643 1148 bilitatemque
683 1079 983 1149 conferunt,
1035 1084 1282 1149 parentes
1322 1080 1482 1132 etiam
1521 1080 1762 1149 ipsorum
1802 1079 1962 1132 simili

272 1153 470 1206 facient
515 1153 841 1206 incremento
889 1154 1168 1224 dignitatis
1217 1154 1416 1223 ornari,
1465 1154 1777 1223 praesertim
1826 1154 1871 1206 si
1909 1154 1964 1206 in

273 1227 581 1281 masculinis
630 1228 797 1298 signis
846 1228 1126 1281 constituti
1169 1229 1273 1282 ista
1311 1228 1511 1281 fuerint
1548 1229 1844 1281 radiatione
1883 1246 1965 1281 so-

273 1302 412 1354 ciati.
468 1300 525 1354 Si
564 1320 689 1355 vero
730 1302 891 1355 fuerit
929 1305 1192 1355 nocturna
1230 1304 1490 1373 genitura,
1528 1302 1762 1372 paternis
1801 1302 1964 1355 facul·
1989 1323 2031 1357 15

274 1376 474 1428 tatibus
514 1375 786 1446 dissipatis
824 1377 1206 1446 patrimonium
1246 1377 1354 1430 illis
1385 1377 1604 1445 propria
1635 1377 1834 1429 facient
1865 1377 1966 1429 vir-

272 1453 387 1503 tute
427 1450 669 1503 conferri.

86 1551 283 1596 sot-GVH
415 1538 752 1609 [Saturnus
793 1544 852 1592 et
890 1539 1103 1593 Venus
1145 1540 1427 1611 trigoni]
1469 1538 1526 1593 Si
1559 1539 1823 1593 Saturnus
1854 1539 1964 1592 fue-

187 1614 252 1666 11
271 1613 345 1666 rit
368 1613 566 1667 Veneri
596 1613 861 1685 trigonica
891 1614 1186 1668 radiatione
1219 1614 1550 1682 coniunctUS,
1583 1617 1635 1666 et
1668 1615 1776 1667 sint
1806 1613 1962 1666 ambo

271 1689 325 1740 in
366 1688 646 1756 oportunis
686 1690 961 1759 geniturae
999 1688 1131 1742 locis
1170 1689 1349 1758 positi,
1389 1691 1441 1740 et
1482 1689 1546 1741 ab
1589 1689 1836 1741 omnibus
1878 1687 1961 1740 de·
1986 1711 2030 1743 πο

272 1762 559 1815 iectionum
605 1762 1002 1815 humilitatibus
1050 1764 1305 1831 separati,
1350 1763 1549 1816 facient
1586 1762 1753 1814 vitam
1791 1762 1962 1815 homi-

270 1855 399 1889 num
437 1839 715 1889 mansueta
754 1837 1115 1890 moderatione
1155 1838 1513 1906 perspicuam,
1565 1840 1618 1889 et
1663 1854 1838 1889 mores
1879 1854 1966 1888 eo-

273 1930 390 1963 rum
441 1914 753 1963 ornamento
804 1911 1028 1980 pudicae
1075 1911 1351 1980 bonaeque
1406 1910 1823 1964 conversationis
1879 1929 1964 1963 ex-

274 2107 299 2145 3
326 2104 425 2155 165,
439 2105 467 2145 6
490 2100 610 2157 πλὴν
626 2100 949 2175 πρεσβυτέρων
968 2102 1183 2157 ἀδελφῶν
1201 2101 1339 2157 ὁρῶσι
1354 2101 1579 2156 τελευτήν.
1631 2106 1714 2145 9-
1720 2106 1773 2145 17
1792 2105 1896 2156 165,
1895 2105 1963 2177 31

273 2159 589 2234 συμβάλλεται
623 2161 688 2210 εἰς
734 2158 837 2218 βίου
871 2160 1130 2236 ,προκοπὴν
1177 2163 1257 2205 καὶ.
1305 2159 1435 2212 κλέος
1473 2162 1554 2205 καὶ
1593 2160 1843 2218 ἐπισήμους
1882 2161 1963 2215 ἆρ-

273 2220 357 2277 χὰς
403 2220 482 2263 καὶ
528 2218 720 2276 μάλιστα
770 2219 819 2264 ἐν
860 2221 1120 2274 ἀρρενικοῖς
1160 2217 1342 2278 ζῳδίοις
1381 2221 1462 2264 καὶ
1495 2222 1543 2266 ἐν
1567 2219 1744 2296 ἡμέρᾳ·
1883 2221 1963 2263 καὶ

271 2286 353 2323 τοῦ
400 2279 575 2333 πατρὸς
621 2278 671 2322 δὲ
713 2278 737 2323 ὁ
778 2277 878 2336 βίος
924 2279 1124 2332 ἔνδοξος.
1181 2281 1231 2324 ἐν
1270 2280 1320 2324 δὲ
1360 2280 1491 2324 νυκτὶ
1533 2278 1729 2333 εὐπορία
1769 2279 1852 2335 μὲν
1883 2280 1963 2323 καὶ

275 2336 420 2389 οὕτως
445 2337 583 2391 ἔσται,
607 2337 727 2394 πλὴν
752 2339 806 2382 οὐ
832 2337 1143 2394 φυλάττονται
1166 2338 1222 2382 τὰ
1254 2338 1457 2394 πατρικὰ
1490 2338 1696 2395 κτήματα
1729 2339 1794 2389 εἰς
1825 2337 1962 2389 τέλος.

393 2403 552 2453 21-p.
575 2401 629 2440 75
653 2396 683 2440 l.
704 2402 729 2439 5
770 2401 875 2451 166,
901 2402 958 2442 17
1001 2398 1244 2447 εὐσταθεῖς
1275 2414 1359 2455 μεν
1391 2399 1470 2441 καὶ
1504 2398 1697 2454 σεμνοὺς
1728 2399 1806 2441 καὶ
1838 2413 1963 2452 περι-

422 2580 448 2618 4
481 2574 660 2618 ratione
692 2575 740 2632 v]
776 2574 1037 2619 radiatione
1065 2577 1071 2631 Ι
1101 2578 1446 2631 consequuntur
1478 2579 1516 2619 Δ
1614 2580 1639 2619 5
1674 2575 1966 2632 conspiciant

278 2634 348 2692 Γ]
383 2649 464 2678 om.
493 2636 532 2677 A
566 2649 678 2678 corr.
712 2640 753 2678 et
784 2635 867 2678 del.
894 2648 919 2677 6
950 2636 1002 2677 cl.
1032 2634 1178 2679 Catal.
1303 2640 1326 2677 6
1361 2635 1503 2678 fuerit
1535 2634 1631 2678 Soli
1657 2637 1696 2678 Δ
1790 2639 1816 2677 8
1849 2634 1964 2692 <de-

275 2693 565 2751 iectionum>
590 2693 751 2736 humil.
779 2695 802 2745 ζ
892 2697 946 2736 10
976 2693 1100 2750 dign.
1127 2696 1322 2750 promot.
1347 2697 1413 2739 vel
1444 2694 1787 2750 promotionum
1813 2693 1964 2750 digni—

277 2752 454 2794 tatibus
488 2754 541 2808 ζΙ
571 2751 881 2808 dignitatibus
906 2754 945 2795 Δ
1044 2758 1093 2795 12
1128 2753 1303 2797 facient
1335 2753 1477 2796 etiam
1511 2756 1556 2796 Γ
1643 2757 1695 2795 13
1730 2752 1884 2795 ornari
1916 2752 1963 2810 a]

278 2824 442 2854 ornare
477 2813 523 2854 Γ
557 2813 794 2867 (exornare
826 2813 878 2866 A)
920 2812 1050 2854 onari
1082 2817 1117 2853 D
1157 2826 1292 2855 onere
1324 2817 1362 2854 N
1493 2817 1545 2855 16
1586 2811 1728 2854 faciet
1763 2813 1810 2854 Γ
1850 2810 1965 2854 facit

279 2872 317 2913 Δ
352 2884 463 2914 corr.
498 2886 525 2912 a
647 2874 700 2913 19
735 2871 842 2913 sunt
866 2872 904 2912 A
1028 2875 1083 2914 20
1116 2870 1230 2914 locis
1263 2871 1506 2928 geniturae
1542 2873 1588 2914 Γ
1696 2875 1750 2912 22
1783 2869 1964 2926 prospi-

282 2943 413 2972 cuam
440 2931 478 2972 A
604 2933 657 2972 23
691 2928 947 2986 pudicitiae
972 2931 1011 2973 A
1056 2932 1062 2986 Ι
1104 2930 1344 2985 bonaeque
1377 2945 1458 2975 om.
1489 2932 1535 2975 Γ
1570 2933 1577 2985 Ι
1616 2931 1808 2974 exornat
1836 2931 1881 2974 Γ
