2084 3192
255 131 363 183 282
980 131 1209 177 FIRMICI

199 251 535 305 4inmortale
568 251 912 316 domicilium,
943 253 1203 304 mundum
1236 252 1439 306 scilicet
1470 251 1784 307 videremus.
1855 253 1946 308 Ce-

254 330 394 379 teras
434 327 575 378 enim
615 327 912 379 animantes
951 326 1028 379 ita
1065 330 1258 378 natura
1296 327 1594 396 conposuit,
1641 331 1703 380 ut
1741 328 1807 379 ad
1845 331 1947 381 ter-

254 419 369 453 ram
418 400 686 452 demersae
733 403 786 453 et
833 401 1031 453 caduca
1070 400 1298 469 quadam
1338 400 1641 454 humilitate
1680 402 1947 470 proiectae

257 479 310 526 et
355 475 533 526 animo
581 477 635 526 et
680 491 900 543 corpore
939 475 1165 526 terrenis
1206 493 1414 543 semper
1454 476 1947 528 conversationibus

257 548 617 616 adhaererent,
653 566 753 600 nos
791 566 917 601 vero
958 566 1152 618 magna
1191 548 1418 616 quadam
1463 549 1795 602 necessitatis
1839 567 1947 602 mo·
1995 570 2013 602 5

258 622 530 675 deratione
567 622 808 691 perfecit,
846 625 907 674 ut
946 622 1091 674 aliud
1131 622 1234 674 sibi
1266 623 1323 675 in
1351 622 1507 676 nobis
1537 623 1805 693 fragilitas
1838 641 1948 677 cor-

257 697 403 765 poris
441 695 588 748 aliud
626 696 929 748 inmortalis
970 696 1135 748 animi
1174 697 1424 748 divinitas
1459 697 1779 765 vendicaret,
1811 696 1949 750 scili-

191 777 194 779 ’
259 773 341 822 cet
388 773 448 822 ut
494 787 688 838 corpus
736 770 880 839 quod
925 787 1047 822 cum
1085 770 1258 823 beluis
1297 771 1539 824 videmur
1576 771 1771 824 habere
1810 789 1950 824 com-

258 863 432 914 mune,
471 845 706 896 serviens
746 845 925 897 animo
966 844 1262 897 divinitatis
1310 844 1422 897 eius
1470 863 1678 913 semper
1724 845 1949 914 imperio

206 917 241 971 5
261 918 568 972 subiaceret.
638 916 1047 971 Considerantes
1086 919 1254 989 igitur
1292 919 1516 989 originis
1554 922 1768 972 nostrae
1806 919 1951 988 prin-
1978 940 2020 972 ιο

260 993 401 1062 cipia
454 995 507 1045 et
561 992 796 1046 animum
850 995 1093 1045 nostrum
1147 993 1442 1046 maiestatis
1498 1011 1623 1045 suae
1684 993 1950 1061 praesidio

71 1067 629 1135 foc-101r11rob0rat—um,
669 1067 746 1119 ita
775 1085 875 1120 nos
909 1067 1172 1119 instruere
1212 1067 1478 1135 debemus,
1515 1070 1577 1119 ut
1617 1067 1825 1120 animus
1858 1085 1954 1135 per

260 1145 429 1194 semet
459 1141 634 1209 ipsum
670 1141 906 1194 numinis
932 1142 1014 1194 sui
1046 1142 1360 1194 auctoritate
1393 1144 1701 1210 conventuS,
1733 1141 1953 1211 dignum

262 1215 463 1284 aliquid
504 1218 718 1268 auctore
757 1234 853 1267 suo
893 1219 946 1268 et
985 1216 1185 1283 cogitet
1226 1234 1434 1285 semper
1472 1218 1526 1268 et
1564 1215 1740 1284 faciat,
1779 1219 1839 1267 ut
1878 1215 1955 1267 sic

262 1290 541 1342 institutus
589 1292 747 1358 atque
793 1290 1073 1356 formatuS,
1119 1292 1324 1341 rectum
1370 1293 1530 1358 atque
1585 1289 1952 1358 incorruptum
1979 1309 2020 1342 15

262 1363 664 1417 inmortalitatis
719 1364 820 1415 iter
874 1364 940 1416 ad
994 1364 1255 1433 originem
1310 1381 1460 1416 suam
1515 1382 1820 1416 reversurus
1875 1363 1952 1414 in-

261 1439 454 1507 veniat,
493 1456 590 1490 nec
629 1438 930 1490 errantibus
969 1438 1242 1508 gressibus
1281 1438 1406 1506 (et)
1443 1437 1746 1490 labentibus
1794 1438 1954 1505 trepi-

264 1512 619 1580 dantibusque
651 1512 907 1582 vestigiis,
940 1512 1279 1580 sempiternis
1319 1512 1587 1564 erroribus
1619 1511 1685 1563 ad
1717 1515 1954 1564 terrenae

211 1586 245 1638 6
262 1586 571 1656 fragilitatis
626 1586 758 1639 vitia
817 1586 1136 1638 revolvatur.
1212 1585 1426 1638 Intuere
1488 1586 1667 1654 itaque
1721 1584 1955 1638 Mavorti

265 1661 424 1714 decus
470 1665 730 1728 nostrum,
775 1660 1084 1729 patentibus
1132 1660 1299 1712 oculis
1349 1659 1567 1727 caelum,
1614 1662 1668 1713 et
1712 1658 1956 1728 pulcher·
1981 1679 2024 1711 20

263 1738 452 1789 rimam
487 1734 642 1786 istam
676 1734 843 1786 divini
876 1735 1049 1802 operis
1081 1734 1338 1786 fabricam
1363 1733 1572 1785 animus
1597 1736 1723 1785 tuus
1749 1751 1958 1802 semper

264 1809 502 1878 aspiciat.
581 1808 730 1861 Tunc
777 1809 917 1861 enim
963 1826 1111 1860 mens
1158 1810 1342 1860 nostra
1381 1807 1673 1860 maiestatis
1714 1825 1839 1859 suae
1878 1825 1957 1858 re-

265 1883 575 1936 cordatione
621 1883 865 1951 formata,
913 1901 943 1934 a
981 1882 1161 1950 pravis
1200 1899 1485 1950 corporum
1524 1881 1790 1934 illecebris
1828 1880 1957 1933 libe-

267 1961 428 2026 ratur,
468 1959 521 2010 et
564 1960 722 2009 exuta
768 1956 1112 2008 mortalitatis
1159 1955 1527 2023 incommodiS,
1575 1955 1640 2007 ad
1687 1958 1958 2007 auctorem

267 2051 418 2084 suum
469 2031 723 2083 festinato
770 2031 962 2083 nititur
1008 2049 1210 2101 gressu,
1255 2029 1497 2098 nihilque
1545 2029 1690 2081 aliud
1728 2029 1833 2081 nisi
1871 2046 1956 2082 res
1982 2047 2024 2080 25

271 2105 475 2157 divinas
529 2123 626 2174 per
673 2105 852 2156 omnia
899 2105 1151 2157 horarum
1200 2107 1472 2156 momenta
1519 2103 1695 2173 sagaci
1742 2121 1800 2154 ac
1844 2121 1958 2171 per·

217 2178 248 2228 7
269 2180 422 2249 vigili
478 2197 687 2247 semper
742 2179 1089 2248 inquisitione
1141 2178 1419 2247 perquirit.
1503 2177 1724 2229 Dabunt
1778 2177 1958 2244 itaque

267 2254 424 2306 nobis
470 2253 599 2304 haec
645 2253 893 2305 instituta
939 2254 1481 2320 quantulamcumque
1529 2251 1738 2303 divinae
1795 2250 1959 2302 scien-

271 2328 375 2380 tiae
413 2328 704 2395 notionem,
740 2331 793 2380 et
825 2328 890 2379 ad
923 2327 1146 2396 originis
1179 2328 1389 2378 nostrae
1422 2328 1623 2378 secreta
1654 2325 1958 2392 perducent.

270 2401 481 2453 Divinis
522 2400 661 2452 enim
703 2419 911 2469 semper
943 2399 1396 2468 disputationibus
1429 2399 1688 2466 occupati,
1721 2399 1958 2450 animum
1983 2416 2026 2448 30

392 2581 416 2619 3
450 2574 586 2618 huius
620 2575 742 2631 (huis
774 2577 826 2630 A)
859 2574 1125 2618 humilitate
1162 2577 1207 2618 Γ
1322 2579 1347 2616 ὅ
1381 2573 1686 2616 adhaererent
1718 2571 1769 2614 A'
1801 2572 1875 2628 (cf.
1908 2571 1960 2614 de

270 2649 356 2678 err.
389 2635 525 2692 ind.)]
558 2635 813 2678 adhaerent
836 2638 868 2675 B
902 2633 1286 2678 adhaerescerent
1310 2637 1345 2675 G
1377 2633 1712 2675 adhaerescant
1735 2636 1769 2672 1>
1801 2630 1961 2673 inhae-

274 2697 459 2736 rescant
489 2698 528 2735 Ν
663 2699 689 2738 8
723 2693 931 2736 videmus
962 2698 1001 2734 N
1138 2697 1162 2736 9
1196 2706 1377 2748 semper
1408 2705 1492 2735 om.
1525 2695 1602 2733 AB
1741 2694 1793 2732 12
1827 2688 1961 2731 insti·

274 2755 404 2795 tuere
437 2768 464 2794 a
632 2758 684 2795 14
725 2752 917 2807 aliquod
948 2756 1064 2794 an
1232 2756 1283 2794 17
1324 2764 1409 2793 nec
1441 2749 1493 2792 A‘
1507 2750 1560 2808 G]
1606 2763 1663 2791 ne
1696 2751 1735 2791 Δ
1785 2747 1850 2791 sic
1883 2751 1915 2789 B
1951 2747 1956 2804 Ι

274 2811 382 2854 add.
402 2827 429 2853 a
551 2815 604 2854 19
622 2811 882 2855 resolvatur
905 2825 1018 2855 corr.
1045 2813 1068 2863 ζ
1187 2815 1242 2853 23
1268 2810 1452 2852 firmata
1477 2810 1642 2863 Haupt
1665 2824 1691 2850 κ
1716 2809 1767 2851 cl.
1793 2809 1900 2859 283,
1920 2818 1961 2849 13

338 2875 392 2912 24
424 2869 764 2913 mortalitatum
789 2873 828 2913 Δ
952 2874 1005 2912 27
1039 2868 1278 2925 perquirat
1302 2871 1423 2911 ABv
1545 2871 1598 2910 29
1633 2866 1893 2922 perducunt
1925 2868 1961 2907 Δ

277 2929 535 2982 perducant
566 2933 598 2970 B
