2066 3192
210 117 280 172 82
933 116 1160 162 FIRMICI

203 239 412 292 tionum
466 238 863 292 humilitatibus
919 240 1176 309 separati,
1231 240 1410 292 omnia
1463 257 1561 309 pro
1618 239 1893 310 signorum

202 313 457 366 varietate
496 313 798 366 decernunt.
867 311 1006 366 Aliis
1047 313 1189 366 enim
1227 313 1485 368 facundae
1517 313 1775 366 orationis
1807 313 1894 366 ad-

201 388 379 457 signat
404 390 664 454 ornatum,
690 387 808 439 aliis
834 406 899 440 ex
924 388 1029 440 ista
1044 387 1490 457 (coniunctione)
1504 388 1894 457 praeclararum

203 462 399 514 artium
440 461 796 514 decernuntur
834 461 1091 533 insignia,
1134 462 1254 515 aliis
1294 462 1503 516 dulcem
1541 463 1774 515 musicae
1814 480 1895 515 so-

202 555 331 588 num
370 535 605 604 tradunt,
644 535 776 589 alios
817 536 1048 604 pictores
1085 537 1339 606 efficiunt,
1379 537 1472 589 sed
1502 537 1636 590 tales
1669 554 1896 605 quorum
1943 558 1962 591 5

151 610 186 662 2
203 614 343 664 artes
396 610 666 679 praeclara
719 609 974 663 nobilitas
1031 628 1239 680 semper
1291 611 1539 665 insinuet.
1617 610 1755 665 Aliis
1811 611 1895 663 de-

181 688 426 745 cernunt
480 702 752 737 armorum
805 687 1121 754 potestates,
1174 684 1294 737 aliis
1347 685 1566 738 tradunt
1615 684 1896 738 athleticae

204 759 564 828 disciplinam,
603 759 737 811 alios
778 759 920 812 dulci
958 759 1323 812 modulatione
1363 762 1637 813 cantantes
1676 760 1897 828 popula-

204 833 350 887 ribus
384 833 641 902 deputant
671 833 1052 903 voluptatibus
1109 832 1213 887 Sed
1243 833 1343 887 hos
1369 852 1550 887 omnes
1574 834 1897 904 populorum

203 908 400 960 iudicio
454 907 599 960 fideli
646 908 1087 961 conmendatione
1134 926 1341 977 semper
1378 908 1666 961 insinuant.
1743 906 1896 961 Alios
1922 930 1964 962 10

202 982 408 1036 faciunt
459 982 886 1052 negotiationum
943 981 1121 1035 officia
1179 1000 1333 1051 saepe
1394 985 1696 1036 tractantes.
1793 981 1897 1036 Sed

202 1056 333 1110 haec
373 1056 552 1109 omnia
590 1075 686 1125 pro
727 1060 1022 1110 ceterarum
1055 1059 1329 1111 stellarum
1363 1057 1682 1110 testimoniis
1717 1060 1769 1109 et
1799 1075 1897 1126 pro

204 1131 445 1184 locorum
487 1150 547 1184 ac
587 1131 862 1201 signorum
904 1131 1175 1201 explicant
1212 1131 1432 1184 viribus.

153 1205 186 1257 3
274 1237 285 1249 ·
317 1204 462 1268 Quae
502 1206 609 1258 sint
647 1209 826 1259 autem
873 1205 1061 1258 dextra
1106 1206 1320 1277 trigona
1364 1224 1499 1274 quae
1544 1205 1804 1275 quadrata
1842 1205 1897 1257 in

205 1280 434 1333 secundo
474 1279 612 1333 libro
652 1280 934 1333 manifeste
974 1280 1299 1349 explicatum
1338 1283 1432 1334 est.
1924 1302 1965 1335 15

1005 1443 1096 1497 IX.

158 1533 185 1584 1
316 1530 478 1586 Nunc
522 1533 623 1585 tibi
671 1533 959 1602 quadratae
1001 1533 1314 1586 radiationis
1355 1533 1634 1604 explicabo
1676 1534 1900 1601 decreta,

209 1624 345 1674 quae
385 1607 612 1660 societas
659 1609 786 1660 forti
837 1626 898 1661 ac
943 1607 1141 1661 minaci
1189 1626 1398 1677 semper
1443 1608 1740 1660 radiatione
1781 1625 1900 1660 con-

206 1681 438 1749 ponitur.
508 1681 593 1734 Ex
631 1682 735 1734 ista
775 1683 915 1734 enim
957 1682 1330 1735 coniunctione
1368 1682 1741 1735 malivolarum
1779 1681 1900 1735 stel-

205 1755 379 1807 larum
425 1756 595 1808 virtus
644 1759 884 1826 augetur,
932 1760 984 1808 et
1029 1756 1397 1809 benivolarum
1437 1757 1702 1826 praesidia
1742 1756 1901 1808 inter·
1926 1776 1969 1809 20

166 1829 334 1881 ‘dum
381 1829 523 1882 victa
570 1850 687 1879 *κε*
736 1833 918 1883 minax
972 1831 1223 1899 radiatio,
1278 1849 1411 1899 quae
1468 1849 1586 1884 cum
1645 1831 1903 1883 diametra

208 1903 502 1956 radiatione
551 1904 606 1956 in
649 1905 804 1957 malis
850 1905 1219 1973 perpetrandis
1261 1904 1368 1974 [ac]
1408 1907 1526 1974 pari
1566 1923 1774 1973 semper
1811 1922 1901 1973 po-

208 1980 400 2030 testate
440 1982 725 2048 grassatur.

157 2051 190 2102 2
321 2050 664 2121 [Saturnus
704 2056 765 2105 et
803 2051 1106 2123 Iuppiter
1145 2053 1482 2122 quadrati]
1554 2052 1610 2105 Si
1661 2052 1903 2121 Iuppiter

209 2129 262 2177 et
310 2124 571 2178 Saturnus
620 2128 876 2195 quadrata
923 2127 1123 2181 fuerint
1170 2127 1465 2179 radiatione
1513 2128 1799 2196 coniuncti,
1851 2129 1903 2178 et
1927 2147 1970 2180 25

210 2200 281 2251 sit
323 2201 564 2269 superior
604 2199 882 2271 Saturnus,
922 2201 1093 2254 dextri
1135 2202 1381 2271 quadrati
1421 2201 1746 2270 superiorem
1785 2218 1903 2270 pos-

329 2335 385 2374 24
420 2334 606 2386 164,17
641 2331 940 2389 Τετράγωνος
971 2331 1022 2376 δὲ
1056 2330 1120 2378 ὧν
1155 2332 1178 2376 ὁ
1215 2332 1330 2383 Ζεὺς
1369 2336 1432 2393 τῷ
1463 2330 1651 2391 Κρόνῳ,
1692 2331 1733 2377 εἰ
1764 2331 1845 2388 μὲν
1878 2330 1902 2375 ὁ

210 2389 392 2446 Κρόνος
430 2394 775 2448 καθυπερτερεῖ
810 2391 913 2446 ἤτοι
953 2389 1106 2444 δεξιός
1136 2391 1273 2447 ἐστιν,

330 2513 354 2551 2
388 2509 512 2554 enim
539 2510 585 2567 a]
612 2510 755 2554 etiam
783 2514 790 2567 Ι
817 2510 1012 2554 rationis
1041 2513 1087 2554 Γ
1189 2515 1214 2554 3
1247 2512 1463 2555 ornatum
1490 2525 1574 2556 om.
1604 2512 1651 2554 Γ
1672 2513 1678 2567 Ι
1706 2511 1811 2555 add.
1838 2512 1863 2562 ζ
1893 2508 1901 2568 Ι

209 2567 452 2623 praeclara
483 2570 551 2613 vel
581 2568 875 2626 praeclarum
903 2572 949 2613 Γ
1067 2575 1089 2612 7
1124 2569 1375 2614 athleticae
1399 2570 1458 2612 Ι)2
1483 2570 1648 2629 Lam]
1683 2584 1737 2613 ac
1767 2568 1903 2612 laeti-

209 2627 306 2670 tiae
338 2629 368 2671 i.
398 2641 432 2671 e.
469 2627 743 2684 achleticae‚
775 2630 831 2684 ef.
858 2630 1103 2673 Buecheler
1137 2630 1198 2673 ad
1229 2630 1397 2674 anthol.
1432 2644 1497 2685 ep.
1524 2633 1616 2674 583
1737 2632 1762 2671 8
1795 2641 1904 2684 cap-

209 2688 363 2730 tantes
389 2689 428 2730 Δ
555 2692 579 2730 9
611 2687 688 2732 fid.
724 2688 979 2732 commend.
1012 2688 1169 2744 popul.
1204 2688 1298 2731 iud.
1327 2691 1366 2731 A
1492 2693 1543 2731 11
1579 2701 1718 2744 saepe
1750 2701 1834 2731 om.
1864 2688 1910 2730 Γ

271 2750 324 2788 15
358 2747 415 2801 cf.
442 2747 638 2801 169,18
773 2751 828 2791 20
861 2747 986 2790 victa
1017 2747 1252 2790 interdum
1284 2750 1323 2790 Δ
1448 2752 1501 2790 21
1535 2747 1659 2790 victa
1701 2745 1902 2814 <debili-

211 2804 318 2871 tat>
357 2806 425 2849 vel
463 2805 607 2850 vincit
648 2822 683 2851 e.
713 2821 754 2864 9.
790 2821 814 2849 σ
853 2807 949 2851 nisi
977 2807 1122 2862 plwra
1160 2806 1425 2850 caeciderunt
1481 2809 1487 2862 Ι
1543 2805 1717 2849 minaci
1747 2804 1902 2848 radia-

209 2863 336 2906 tione
367 2879 396 2905 v
429 2865 617 2919 (minaci
649 2863 691 2910 e't
720 2865 793 2921 D2)
927 2870 981 2909 22
1014 2865 1354 2921 perpetrandae
1385 2879 1497 2910 corr.
1524 2881 1551 2908 a
1609 2868 1614 2920 Ι
1672 2865 1753 2908 del.
1788 2880 1814 2906 a

211 2927 266 2964 26
301 2921 489 2966 Saturni
522 2926 561 2967 Δ
613 2926 618 2981 Ι
670 2925 889 2980 quadrati
922 2928 969 2967 et
997 2927 1043 2968 Γ
1087 2927 1093 2981 Ι
1142 2924 1387 2980 possidens
1420 2926 1460 2982 ζ]
1495 2924 1703 2980 possidet
1727 2927 1763 2965 A
1799 2937 1900 2979 pos-
