2078 3174
822 168 887 214 VI
918 174 990 224 32,
1013 180 1175 215 as—4o.
1226 155 1235 164 ’
1741 167 1848 221 185

157 291 570 362 diligentissima
615 290 825 344 ratione
871 292 1162 360 pertracta,
1209 289 1351 361 signi
1398 290 1560 342 etiam
1598 293 1847 342 naturam

155 367 357 435 pariter
396 383 458 419 ac
494 367 832 435 potestatem.
903 362 960 416 Si
1000 364 1143 416 enim
1178 364 1458 417 benivolae
1490 365 1674 416 stellae
1705 363 1849 416 hunc

155 441 336 493 locum
374 439 706 508 respexerint
743 439 800 491 in
836 439 1118 507 oportunis
1150 439 1428 508 geniturae
1468 439 1602 491 locis
1641 438 1848 507 positae

157 517 210 566 et
249 515 306 566 in
345 512 589 567 secundis
628 512 820 583 signiS,
869 511 1013 564 filios
1059 531 1158 582 pro
1197 513 1438 565 locorum
1478 516 1531 565 et
1570 512 1847 582 signorum

112 608 130 641 ⁵
155 591 423 657 potestate
477 587 778 640 decernunt.
870 585 1157 639 Malivolae
1212 604 1336 639 vero
1393 586 1720 640 contrarium
1774 586 1850 638 fa·
1867 583 1940 636 37

157 662 319 715 ciunt.
397 660 502 714 Sed
563 665 618 714 et
678 661 826 730 ipsae
887 661 1156 713 interdum
1218 661 1500 713 malivolae
1562 661 1608 712 si
1670 660 1849 713 condi-

156 736 325 788 cionis
380 753 505 788 suae
556 735 802 805 genitura
852 735 1038 802 fuerit,
1095 735 1238 787 filios
1294 735 1607 804 decernunt,
1660 735 1715 787 id
1769 738 1850 787 est

158 809 419 864 Saturnus
468 810 525 863 in
576 809 766 862 diurna
815 807 960 861 Mars
1013 809 1070 861 in
1118 812 1393 862 nocturna.
1477 808 1851 862 Decernuntur

157 888 335 937 autem
389 882 489 935 filii
542 901 640 953 pro
691 886 882 935 natura
933 882 1223 954 signorum.
1301 882 1443 936 Illud
1493 901 1618 935 sane
1668 883 1850 935 memi-

0 971 1 974 ’
88 980 132 1011 ιο
154 959 297 1011 nisse
337 957 607 1027 debemus»,
647 958 791 1026 quod
830 959 877 1010 si
914 957 972 1009 in
1009 957 1210 1026 duplici
1242 957 1399 1027 signo
1430 956 1581 1010 locus
1613 957 1848 1009 filiorum

154 1032 318 1084 fuerit
363 1032 628 1101 inventust„
676 1031 740 1083 de
788 1031 994 1084 duabus
1040 1031 1316 1099 uxoribus,
1369 1031 1413 1084 si
1452 1049 1577 1083 vero
1618 1031 1849 1084 solidum

154 1107 317 1160 fuerit
355 1106 585 1176 signum,
632 1106 715 1158 vir
755 1105 967 1193 Quidem
1008 1106 1071 1158 de
1113 1124 1217 1158 una
1254 1124 1445 1174 uxore,
1493 1105 1685 1158 mulier
1722 1123 1848 1158 vero

155 1181 219 1233 de
256 1198 364 1233 uno
404 1180 597 1233 marito
637 1179 779 1233 filios
817 1179 1055 1233 habebit.
1131 1178 1188 1232 Si
1227 1198 1353 1232 vero
1392 1181 1571 1233 locum
1611 1179 1849 1232 filiorum
1867 1178 1942 1231 38

155 1254 438 1308 malivolae
486 1256 671 1307 stellae
718 1258 772 1307 et
815 1253 1096 1306 benivolae
1143 1254 1260 1323 pari
1300 1254 1507 1307 ratione
1546 1254 1850 1322 respiciant,

90 1350 132 1382 ιε»
156 1329 392 1382 filiorum
448 1329 685 1381 sobolem
742 1331 796 1380 et
849 1328 976 1381 dant
1030 1328 1232 1397 pariter
1286 1331 1339 1381 et
1391 1330 1608 1395 tollunt,
1661 1332 1754 1381 aut
1805 1328 1850 1380 si

155 1402 524 1455 benivolarum
557 1404 832 1455 stellarum
866 1402 1162 1455 obtinuerit
1190 1405 1444 1472 potestas,
1478 1402 1850 1456 malivolarum

156 1479 431 1530 stellarum
483 1477 714 1529 inimicis
760 1476 924 1529 radiis
977 1476 1224 1529 debilitas
1276 1477 1536 1545 quaedam
1587 1477 1850 1545 susceptis

154 1551 282 1604 filiis
323 1550 597 1620 inferetur,
640 1553 732 1603 aut
773 1554 915 1604 certe
953 1550 1096 1604 filios
1136 1570 1166 1604 a
1203 1551 1515 1620 parentibus
1555 1550 1745 1622 grandi
1786 1550 1851 1602 si-

155 1625 381 1678 multate
422 1625 727 1678 dissociant.
804 1624 878 1677 Et
924 1625 980 1677 in
1026 1625 1130 1678 hoc
1176 1626 1358 1694 itaque
1404 1626 1523 1677 loco
1572 1629 1624 1677 et
1671 1625 1728 1677 in
1773 1643 1851 1677 ce-
1868 1623 1943 1676 39

90 1720 132 1752 20
156 1699 285 1752 teris
348 1699 596 1752 omnibus
660 1699 923 1751 mixturas
991 1700 1512 1769 temperationesque
1576 1701 1851 1753 stellarum

157 1774 402 1844 diligenti
441 1773 650 1826 ratione
689 1773 983 1842 perspicies
992 1815 1006 1842 ,
1054 1774 1332 1843 signorum
1379 1773 1543 1826 etiam
1567 1777 1850 1844 ,naturam⁷

157 1848 250 1901 sed
287 1847 412 1916 <et>
458 1846 700 1900 locorum
753 1847 818 1899 ab
869 1847 1170 1916 horoscopo
1221 1848 1551 1901 venientium
1603 1848 1850 1917 proprias

155 1925 466 1991 potestates,
530 1920 858 1974 Generaliter
889 1923 1068 1975 autem
1100 1922 1336 1974 filiorum
1367 1923 1546 1975 locum
1581 1921 1645 1974 V.
1678 1926 1850 1974 osten·

157 1996 238 2047 dit
276 1995 427 2049 locus
467 1999 520 2048 et
559 1997 671 2048 eius
712 1994 855 2065 signi
894 1995 1140 2048 dominus
1182 1999 1235 2048 et
1268 1999 1461 2049 natura
1499 1996 1669 2064 ipsius
1710 1996 1851 2065 signi

91 2090 132 2123 25
159 2074 212 2122 et
250 2070 559 2122 testimonia
608 2068 975 2122 benivolarum
1015 2069 1100 2122 vel
1146 2070 1519 2123 malivolarum
1561 2072 1850 2122 stellarum.

269 2143 381 2213 [De
419 2143 559 2195 loco
599 2144 903 2195 vitiorum
947 2147 1007 2195 et
1038 2143 1462 2213 valitudinis]
1504 2142 1561 2196 Si
1592 2144 1848 2196 vitiorum
1866 2142 1938 2195 40

157 2235 216 2270 ac
270 2217 582 2270 valitudinis
636 2217 815 2269 locum
870 2217 1139 2286 partiliter
1195 2217 1424 2271 volueris
1480 2218 1740 2286 invenire,
1795 2218 1850 2268 in

158 2292 347 2344 diurna
394 2290 606 2359 quidem
648 2292 895 2361 genitura
935 2310 966 2343 a
1006 2290 1237 2344 Saturno
1277 2292 1536 2345 inchoans
1575 2310 1744 2360 usque
1785 2291 1851 2344 ad

156 2365 382 2418 Martem
429 2365 769 2433 conputabi8‚
821 2369 875 2418 et
920 2365 1236 2419 tantundem
1283 2366 1349 2418 ab
1388 2366 1713 2435 horoscopo,
1761 2366 2038 2420 insol-84⁰1!

90 2461 133 2493 so
158 2444 421 2492 nocturna
467 2457 592 2491 vero
641 2457 670 2490 a
707 2438 878 2491 Marte
917 2439 1175 2492 inchoans
1214 2440 1281 2492 ad
1322 2439 1612 2493 Saturnum
1654 2458 1849 2508 conpu-

156 2514 319 2581 tabis,
366 2516 418 2565 et
464 2512 778 2566 tantundem
827 2512 892 2565 ab
940 2514 1266 2584 horoscopO,
1316 2517 1369 2566 et
1415 2515 1471 2566 in
1513 2532 1849 2583 quocumque

159 2588 314 2658 signo
348 2589 689 2639 collectarum
723 2587 958 2656 partium
989 2588 1313 2641 novissimus
1348 2589 1549 2640 venerit
1582 2606 1850 2655 numeruS‚

278 2796 303 2835 6
337 2791 376 2835 si
407 2792 456 2835 in
485 2794 524 2835 Δ
577 2794 582 2846 1
634 2791 987 2835 condonationis
1018 2806 1130 2837 corr.
1161 2811 1188 2836 κ
1312 2797 1366 2836 18
1398 2792 1623 2836 inferetur
1646 2794 1747 2851 AG]
1780 2792 1849 2835 in-

158 2850 305 2894 fertur
426 2856 480 2894 21
514 2850 767 2906 perspicies
802 2850 854 2908 G]
898 2852 1152 2908 perspicias
1184 2857 1221 2894 A
1267 2852 1520 2907 prespicies
1552 2855 1585 2893 Β
1628 2851 1851 2907 respicies

158 2912 198 2953 Δ
322 2914 376 2952 22
410 2911 515 2954 add.
550 2912 574 2962 ζ
603 2911 667 2965 (et
690 2924 779 2965 pro
813 2909 893 2953 sed
925 2912 968 2964 κ)
1102 2916 1157 2954 24
1191 2911 1365 2954 domini
1397 2915 1476 2952 BG
1604 2915 1659 2953 25
1693 2910 1852 2954 stella-

157 2983 261 3011 rum
300 2983 381 3013 om.
416 2971 456 3012 Δ
580 2973 634 3012 26
667 2967 980 3012 valitudinum
1017 2972 1063 3013 Γ
1177 2975 1233 3013 32
1266 2970 1539 3013 novissimus
1572 2984 1654 3014 om.
1689 2973 1728 3013 Δ
