2100 3186
60 910 102 943 10

59 1370 100 1402 15

60 1769 101 1801 20

60 2139 101 2171 25

775 102 860 146 VH
892 107 932 157 9,
957 106 1111 157 6-10‚
1136 115 1168 146 2.
1707 102 1815 154 235

128 225 282 294 signa
321 241 455 292 quae
487 226 612 276 sunt
640 242 736 292 per
767 223 1007 276 ordinem
1046 223 1236 292 posita,
1272 226 1324 274 et
1357 225 1818 291 quantuscumque

128 297 292 350 fuerit
341 298 618 367 signorum
670 301 946 366 numerus,
999 300 1209 349 tantum
1247 297 1329 349 *ab
1385 295 1685 365 horoscopo
1741 296 1818 348 in-

129 373 327 425 choans
377 389 618 439 numera,
673 375 725 423 et
765 370 810 423 si
864 370 919 422 in
975 370 1230 423 feminino
1286 371 1440 440 signo
1495 370 1819 424 novissimus

126 463 380 498 numerus
419 445 580 498 fuerit
618 445 882 512 inventuS,
919 447 1071 513 pater
1107 444 1257 514 prior
1287 444 1544 512 interibit,
1583 444 1628 496 si
1660 462 1786 496 vero
1804 455 1993 500 sol-9401

129 519 185 571 111
230 519 525 572 masculino
573 522 764 587 mater3
819 518 974 571 aliter
1024 519 1165 571 enim
1211 519 1267 571 in
1314 518 1504 570 diurna
1556 517 1710 571 aliter
1763 518 1821 570 in

126 596 389 646 nocturna
434 593 681 663 genitura
729 595 1007 645 monstrat.
1087 590 1189 644 Sed
1237 595 1290 644 et
1337 593 1383 645 si
1426 591 1521 645 Sol
1566 594 1619 646 et
1666 591 1818 644 Luna
1839 591 1907 644 10

126 667 182 719 111
221 666 530 719 masculinis
562 666 733 736 signis
764 666 964 719 fuerint
995 667 1215 735 inventi,
1244 666 1542 736 horoscopo
1576 667 1632 718 in
1665 667 1819 735 signo

127 741 422 794 masculino
464 741 773 809 constituto,
811 739 926 793 MC.
965 759 1089 794 vero
1131 745 1222 793 aut
1251 740 1394 792 Mars
1434 743 1527 792 aut
1560 739 1820 793 Saturnus

126 818 319 883 teneat,
356 819 509 884 pater
545 815 694 883 prior
739 814 997 867 interibit.
1076 813 1132 867 Si
1180 833 1304 867 vero
1347 813 1441 868 Sol
1486 818 1539 867 et
1578 814 1729 866 Luna
1769 818 1820 866 et

125 888 455 958 horoscopus
496 889 744 941 similiter
781 889 837 940 in
875 888 1148 942 femininis
1182 889 1290 941 sint
1321 889 1490 959 signis
1524 889 1821 955 constituti,

127 967 180 1015 et
218 963 363 1015 Mars
409 966 502 1015 aut
550 961 811 1015 Saturnus
859 963 917 1015 in
963 962 1077 1015 MC.
1124 963 1327 1015 fuerint
1373 963 1600 1030 inventi,
1651 965 1822 1015 mater

125 1037 274 1106 prior
311 1037 567 1090 interibit.
647 1036 751 1090 Sed
788 1036 889 1089 hoc
929 1040 982 1089 et
1021 1056 1052 1088 a
1090 1037 1247 1090 nobis
1290 1040 1345 1090 et
1383 1056 1414 1089 a
1453 1036 1700 1105 plurimis
1742 1037 1819 1088 in-

125 1111 395 1181 probatur.
474 1110 618 1164 Illud
670 1129 796 1164 vero
850 1111 992 1180 quod
1047 1111 1385 1180 praecedenti
1441 1111 1822 1180 conputatione

127 1185 416 1255 colligitur,
454 1189 684 1238 mortem
722 1185 863 1238 veris
901 1185 1198 1238 rationibus
1238 1188 1517 1238 monstrat.

317 1347 380 1400 X.
422 1347 543 1417 [DE
584 1347 793 1401 FILIIS
833 1346 1139 1401 INIMIOIS
1179 1347 1628 1418 PARENTUM]

238 1451 295 1504 Si
334 1451 392 1504 in
430 1451 678 1522 genitura
708 1451 853 1504 Mars
894 1455 987 1505 aut
1026 1451 1287 1505 Saturnus
1327 1453 1382 1504 in
1415 1450 1534 1504 VII.
1568 1452 1634 1504 ab
1666 1451 1822 1505 horo·
1843 1453 1869 1505 1

127 1543 292 1594 scopo
333 1526 451 1578 loco
492 1526 654 1578 fuerit
694 1527 957 1595 inventus,
998 1525 1091 1579 Sol
1130 1545 1254 1579 vero
1295 1525 1351 1578 in
1382 1524 1527 1578 VIII.
1561 1525 1626 1578 ab
1666 1525 1821 1579 horo-

127 1617 289 1668 scopo
330 1600 475 1669 locO,
523 1603 616 1652 aut
655 1599 977 1653 alienabitur
1016 1618 1046 1652 a
1084 1603 1260 1671 patre,
1306 1604 1399 1652 aut
1437 1600 1622 1670 gravia
1663 1600 1822 1652 habe—

127 1674 261 1725 bunt
306 1674 481 1745 iurgia
527 1674 876 1727 simultatum.
956 1673 1060 1727 Sed
1107 1677 1161 1726 et
1206 1675 1252 1728 si
1298 1673 1443 1727 Mars
1496 1675 1552 1727 in
1604 1674 1823 1727 anafora

125 1747 410 1816 horoscopi
463 1749 627 1800 fuerit
679 1748 954 1817 inventUS,
1008 1752 1100 1801 aut
1155 1749 1211 1801 in
1265 1748 1486 1802 anafora
1531 1747 1670 1817 MC„
1719 1748 1822 1800 hoc

125 1821 264 1874 idem
297 1821 460 1874 simili
492 1823 698 1875 ratione
729 1823 1019 1892 perficitur.
1096 1821 1196 1875 Sed
1239 1826 1292 1875 et
1323 1823 1369 1875 si
1399 1822 1544 1875 Mars
1577 1823 1634 1874 in
1665 1823 1820 1875 horo-

126 1913 287 1963 scopo
327 1898 414 1948 vel
462 1897 519 1948 in
557 1895 671 1949 MC.
711 1897 978 1965 partiliter
1022 1897 1186 1949 fuerit
1233 1897 1503 1963 inventuS,
1553 1894 1647 1949 Sol
1694 1914 1819 1948 vero

126 1973 219 2021 aut
258 1969 314 2021 in
353 1988 545 2024 occasu
586 1974 678 2023 aut
708 1971 764 2022 in
796 1969 939 2024 IMC.
971 1971 1135 2023 fuerit
1167 1971 1505 2039 constitutus⁷
1544 1971 1647 2023 hoc
1679 1970 1820 2022 idem

127 2043 292 2095 simili
330 2045 534 2096 ratione
573 2044 861 2113 perficitur.
941 2043 999 2097 Si
1037 2063 1163 2097 vero
1203 2046 1334 2097 haec
1366 2044 1638 2098 schemata
1669 2044 1819 2096 mali·
1840 2045 1872 2096 2

127 2116 369 2169 volarum
426 2118 701 2170 stellarum
755 2137 889 2187 quae
945 2119 1176 2171 diximus
1233 2137 1353 2171 cum
1406 2119 1559 2170 Luna
1605 2119 1820 2187 fuerint,

127 2191 267 2244 inter
305 2194 531 2243 matrem
564 2195 616 2244 et
647 2192 787 2244 filios
821 2192 1223 2245 inimicitiarum
1263 2193 1439 2263 iurgia
1471 2193 1821 2262 concitantur,

126 2266 438 2333 praesertim
478 2265 523 2317 si
563 2267 639 2318 sic
677 2266 884 2318 Lunam
933 2266 1165 2335 positam
1207 2265 1467 2319 Saturnus
1513 2267 1818 2336 respexerit.

246 2429 270 2467 2
304 2427 488 2468 tantum
520 2426 576 2483 A]
609 2428 768 2470 tantus
826 2429 831 2482 Ι
887 2426 946 2470 ab
980 2427 1041 2484 Δ]
1073 2427 1123 2470 111
1151 2430 1198 2470 Γ
1313 2432 1338 2471 3
1372 2427 1505 2484 signo
1538 2427 1817 2470 novissimus

127 2484 251 2540 signi
274 2487 313 2527 Δ
407 2490 435 2528 4
458 2485 601 2528 fuerit
624 2500 840 2530 numerus
865 2488 904 2529 Δ
1010 2492 1035 2530 5
1061 2486 1111 2530 in
1133 2501 1215 2531 sec.
1233 2493 1275 2531 et
1290 2492 1386 2531 tert.
1405 2488 1488 2531 del.
1516 2503 1542 2529 a.
1642 2492 1667 2529 6
1692 2501 1821 2529 mon-

128 2545 302 2587 stratur
325 2560 352 2586 κ
475 2549 497 2587 7
532 2544 786 2600 horoscopo
815 2579 823 2588 .
851 2580 859 2588 .
889 2582 895 2589 .
924 2546 1178 2590 constituto
1204 2546 1244 2603 ζ]
1270 2547 1578 2601 horoscopum
1604 2581 1612 2589 .
1642 2578 1651 2587 .
1679 2581 1686 2588 .
1715 2559 1822 2588 con-

128 2602 346 2646 stitutum
381 2605 427 2646 Γ
462 2603 743 2659 horoscopus
778 2639 786 2647 .
816 2637 825 2647 .
851 2638 860 2647 .
895 2604 1176 2648 constitutus
1209 2607 1248 2648 Δ
1373 2611 1397 2648 8
1431 2604 1528 2649 MC.
1562 2605 1668 2662 AG]
1704 2605 1821 2648 Mer-

128 2662 282 2705 curius
317 2664 399 2718 (vel
429 2662 586 2719 -rium)
619 2666 696 2705 AB
755 2664 760 2718 Ι
819 2665 901 2706 aut
930 2666 1068 2719 prius
1107 2678 1190 2708 om.
1225 2667 1263 2707 Δ
1420 2668 1475 2707 14
1517 2666 1713 2707 mortem
1746 2662 1816 2721 A']

127 2721 290 2764 mortis
315 2723 502 2778 <mortes
528 2725 566 2777 ζ)
675 2726 728 2765 17
753 2722 855 2766 loco
881 2735 964 2766 om.
983 2726 1022 2766 Δ
1131 2727 1184 2767 18
1209 2723 1540 2767 alienabuntur
1565 2737 1590 2766 6
1611 2724 1822 2767 clausula

128 2780 378 2824 adiuvante
419 2782 426 2836 Ι
468 2780 629 2836 gravia
654 2782 795 2838 ΑΒΝ]
823 2782 978 2838 gratia
1001 2786 1082 2824 DG
1205 2787 1259 2825 19
1293 2784 1339 2825 et
1363 2796 1445 2826 om.
1472 2785 1511 2824 A
1636 2787 1690 2825 22
1715 2795 1821 2837 par-

128 2838 276 2882 tiliter
292 2840 389 2897 AB]
415 2842 549 2895 parte
566 2842 605 2882 A
632 2842 739 2895 part
756 2845 791 2883 G
897 2845 952 2883 24
978 2842 1237 2898 schemata]
1264 2843 1469 2886 scemata
1487 2844 1611 2884 AGv
1643 2842 1820 2885 semota

131 2901 208 2939 AB
325 2903 379 2942 25
413 2898 654 2942 stellarum
679 2914 762 2943 om.
786 2902 832 2943 Γ
947 2904 1002 2943 26
1035 2899 1246 2984 filium'N
1359 2905 1414 2943 27
1448 2900 1651 2956 positam
1675 2914 1757 2945 om.
1781 2901 1827 2943 Γ
