2066 3192
787 154 828 199 V
861 161 900 209 1,
924 167 1083 201 25—29.
1715 156 1783 208 15

97 277 299 331 doctus.
361 276 480 329 Diis
527 278 653 328 vota
698 276 957 344 restituet,
1012 294 1077 327 ex
1132 276 1453 344 quibusdam
1504 276 1783 329 necessita·

95 351 240 404 tibus
287 354 382 403 aut
427 369 490 402 ex
539 349 857 418 quibusdam
902 349 1154 419 periculis
1198 349 1468 403 liberatus,
1546 349 1784 402 Habebit
1797 363 1962 405 γαπ-5701

94 443 380 495 prosperos
427 427 595 492 actuS,
643 424 734 477 sed
780 427 1136 493 posteaquam
1175 424 1334 476 malis
1374 424 1582 478 actibus
1622 424 1784 477 fuerit

96 516 398 569 oppressus,
429 497 657 552 felicitas
697 499 817 567 <81>
856 517 921 551 ex
967 497 1154 551 alienis
1202 499 1511 552 infortuniis
1552 499 1781 552 confere-

49 595 68 628 5
93 576 195 642 tur,
241 576 295 626 et
347 572 568 626 habebit
619 591 684 624 ex
737 572 926 626 alienis
980 572 1244 625 mortibus
1299 571 1524 642 lucrum,
1579 576 1672 624 aut
1719 591 1783 625 ex

94 648 260 700 veteri
305 666 362 700 re
409 647 589 716 aliqua
636 650 691 699 et
737 647 997 700 absconsa
1049 647 1329 699 commoda
1381 647 1656 701 felicitatis
1703 647 1783 698 in-

93 721 282 775 veniet.
362 719 419 774 Si
464 723 522 774 in
570 719 771 774 Cancro
821 739 1038 775 occasus
1086 721 1263 790 fuerit,
1302 721 1523 774 habebit
1561 722 1627 774 ab
1668 722 1782 773 affi-
1799 723 1869 775 28

91 796 251 849 nibus
305 795 580 848 molestias
636 795 911 865 maximaS,
967 799 1019 848 et
1074 795 1175 848 erit
1229 796 1476 848 maximis
1527 796 1781 864 periculis

91 870 390 940 inplicatus,
469 869 527 922 Si
566 870 621 922 in
661 868 845 922 Ariete
884 868 1028 922 IMO.
1068 870 1245 940 fuerit,
1291 871 1348 922 in
1387 870 1634 923 maximis
1681 871 1781 922 erit

25 967 68 1000 10
92 945 376 1012 erroribuS,
424 948 478 997 et
514 947 638 1013 post
678 944 1015 998 incommoda
1053 945 1195 997 vitae
1233 945 1471 1013 requiem
1513 945 1781 1013 sortietur,

92 1020 184 1072 sed
223 1019 334 1071 vita
374 1018 486 1071 eius
527 1037 592 1071 ex
631 1023 780 1072 actus
819 1018 1077 1072 varietate
1115 1018 1425 1072 mutabitur.
1485 1018 1604 1071 Erit
1638 1021 1780 1072 enim

89 1111 232 1146 nunc
279 1094 335 1145 in
382 1093 491 1146 alto
533 1093 814 1163 dignitatis
855 1094 1039 1163 gradu,
1077 1111 1219 1145 nunc
1267 1093 1331 1146 ad
1371 1094 1616 1146 infimum
1658 1111 1778 1146 cum

90 1168 370 1238 dignitatis
411 1167 704 1220 deiectione
742 1170 1036 1221 revocatur.
1101 1166 1205 1220 Sed
1243 1168 1374 1221 haec
1413 1168 1494 1220 illi
1533 1168 1780 1236 inaequa-

89 1242 271 1295 bilitas
312 1260 376 1294 ex
417 1241 667 1296 amicitiis
707 1242 1012 1311 potentium
1043 1242 1292 1294 nascitur.
1356 1241 1526 1294 Effert
1557 1261 1778 1295 uxorem

0 1338 64 1385 ,15
91 1320 143 1368 et
196 1318 429 1386 primum
483 1316 671 1385 filium,
726 1320 818 1369 aut
872 1320 1011 1369 certe
1067 1317 1370 1385 quicunque
1423 1320 1580 1369 natus
1634 1317 1779 1369 filius

0 1419 2 1421 ·
89 1391 267 1459 fuerit,
306 1392 457 1462 gravi
498 1390 866 1444 debilitabitur
905 1391 1036 1444 vitio
1076 1391 1412 1443 valetudinis

202 1465 640 1535 [Horoscopus
703 1467 765 1517 in
823 1463 1143 1536 Aquario]
1225 1464 1282 1518 Si
1336 1466 1667 1534 horoscopus
1707 1466 1865 1519 -in29

87 1539 327 1609 Aquario
359 1539 523 1592 fuerit
564 1540 827 1609 inventUS,
868 1540 1221 1608 quodcunque
1259 1543 1576 1593 consecutus
1615 1540 1779 1592 fuerit

89 1614 445 1683 qualicunque
491 1632 675 1667 rursus
721 1615 1044 1667 laceratione
1091 1614 1370 1683 dilapidat,
1418 1617 1471 1666 et
1518 1614 1778 1682 quidquid

21 1724 64 1758 ,0
86 1687 336 1758 habuerit
373 1688 458 1741 vel
499 1689 787 1757 quaesierit
827 1707 1012 1741 rursus
1053 1688 1270 1756 amittit,
1310 1688 1402 1741 sed
1442 1689 1583 1756 quod
1624 1690 1776 1740 amis-

88 1781 206 1815 sum
244 1763 407 1816 fuerit
447 1762 594 1816 facili
634 1762 841 1816 ratione
881 1763 1197 1832 plerumque
1237 1762 1531 1833 colligitur3
1579 1763 1775 1815 multos

88 1837 344 1906 suscipiet
389 1837 599 1906 fovenS,
647 1841 701 1890 et
746 1838 931 1890 multis
978 1837 1119 1890 vitae
1167 1836 1420 1890 alimenta
1466 1838 1776 1905 praestabit,

87 1914 140 1963 et
179 1915 335 1964 erunt
374 1912 513 1965 circa
550 1911 725 1981 ipsum
758 1911 956 1982 ingrati
991 1911 1398 1980 quibuscunque
1430 1911 1497 1963 ab
1531 1913 1649 1980 ipso
1683 1911 1775 1963 ali-

87 1985 214 2054 quid
265 1986 429 2038 fuerit
475 1986 615 2039 forte
663 1988 930 2053 collatum,
979 1989 1032 2038 et
1078 1986 1134 2038 in
1179 1986 1331 2056 gravi
1379 1985 1615 2054 periculo
1657 2004 1777 2038 con-

20 2094 62 2128 ,5
86 2059 322 2129 stitutus,
363 2064 415 2112 et
455 2060 520 2112 ab
556 2059 867 2113 hominibus
900 2060 1224 2129 desperatus,
1258 2060 1477 2113 deorum
1510 2060 1774 2129 praesidio

85 2132 356 2187 liberatur.
410 2133 460 2185 A
491 2134 675 2187 multis
707 2135 887 2186 invido
922 2134 1150 2187 stridore
1185 2133 1503 2202 pulsabitur.
1558 2134 1775 2186 Divina-

84 2227 201 2260 rum
255 2208 552 2261 litterarum
604 2205 786 2261 autem
842 2211 934 2261 aut
988 2226 1257 2261 sacrorum
1314 2212 1406 2260 aut
1454 2207 1775 2279 religionum

87 2282 265 2336 officia
318 2283 592 2351 tractabit,
647 2286 699 2335 et
753 2283 960 2353 magnis
1016 2283 1144 2335 viris
1201 2283 1302 2335 erit
1358 2283 1511 2335 bonis
1568 2282 1774 2336 actibus

206 2389 227 2426 1
255 2399 311 2428 ex
331 2385 397 2442 Γ]
425 2385 527 2427 etA
553 2385 618 2440 (et
643 2397 698 2427 ex
717 2386 861 2440 ΔΒΕ)
954 2389 979 2427 2
1007 2386 1090 2427 aut
1113 2399 1167 2428 ex
1192 2384 1319 2440 quib.
1338 2389 1520 2429 om.DE
1549 2386 1554 2441 Ι
1583 2386 1631 2429 et
1653 2384 1773 2440 peri-

86 2442 201 2486 culis
227 2446 266 2487 Δ
359 2448 386 2486 4
419 2443 525 2487 add.
551 2459 579 2485 a
670 2448 696 2487 5
722 2445 768 2487 et
792 2443 848 2501 A]
875 2443 918 2487 ei
944 2443 1043 2498 (del.
1061 2445 1104 2500 a)
1200 2449 1222 2486 7
1248 2444 1392 2488 fuerit
1416 2457 1606 2488 occasus
1631 2447 1656 2496 ζ
1680 2450 1686 2498 ί
1716 2444 1773 2487 ab

85 2500 159 2545 aff.
177 2502 286 2546 hab.
306 2504 353 2546 et
376 2501 484 2546 mol.
502 2507 582 2544 DE
675 2507 700 2546 9
726 2502 775 2546 in
799 2501 918 2546 IMC.
945 2502 1087 2546 fuerit
1102 2503 1235 2547 Aries
1253 2505 1293 2547 Δ
1323 2505 1328 2559 Ι
1358 2502 1446 2547 erit
1468 2503 1517 2546 in
1543 2502 1773 2547 erroribus

84 2560 298 2605 maximis
323 2565 348 2614 ζ
467 2565 520 2605 10
555 2561 746 2605 sortitur
768 2567 847 2604 DE
972 2567 1023 2604 11
1051 2563 1159 2606 actu
1188 2565 1234 2606 Γ
1253 2564 1440 2606 actuum
1465 2579 1491 2606 n
1615 2568 1668 2606 13
1696 2562 1775 2605 de—

84 2619 282 2664 iectione
314 2621 362 2678 u]
393 2620 646 2665 reiectione
670 2623 709 2664 Δ
750 2620 942 2665 reiectio
971 2623 1018 2664 Γ
1120 2626 1174 2664 14
1206 2624 1450 2678 potentum
1482 2635 1594 2666 corr.
1621 2625 1645 2674 ζ
1673 2636 1774 2666 cum

85 2683 163 2722 DE
192 2682 197 2734 Ι
226 2678 361 2723 offert
385 2682 424 2723 Δ
521 2685 573 2723 15
599 2679 742 2724 fuerit
764 2679 888 2723 filius
912 2685 991 2722 DE
1025 2679 1147 2724 filius
1174 2681 1254 2725 del.
1281 2698 1308 2723 κ
1410 2685 1462 2724 17
1498 2682 1654 2725 lemma
1688 2695 1770 2725 om.

86 2739 125 2780 A
218 2743 272 2782 22
307 2738 564 2795 suscipiens
596 2739 773 2783 fovebit
796 2743 833 2781 A
873 2741 1005 2795 (susc.
1032 2739 1151 2783 filios
1177 2741 1218 2797 σ)
1334 2745 1387 2783 23
1428 2740 1601 2797 ingrati
1628 2740 1670 2798 σ]
1704 2741 1771 2782 in·

86 2797 251 2851 quanti
274 2802 352 2841 Ao
422 2798 700 2853 inquantum
725 2802 806 2841 BN
844 2797 1078 2853 inquinati
1105 2803 1176 2841 Gv
1207 2799 1254 2841 in
1287 2803 1366 2841 DE
1401 2799 1772 2856 (ingratitudinis

85 2854 196 2899 vitio
228 2856 464 2912 inquinati
495 2859 539 2912 a.)
662 2862 717 2900 24
757 2857 877 2901 forte
909 2872 992 2902 om.
1018 2861 1055 2899 A
1098 2863 1103 2913 Ι
1147 2858 1370 2902 collatum
1403 2859 1445 2916 6]
1479 2857 1771 2910 collocatum,

85 2914 143 2967 cf.
168 2917 242 2969 36,
259 2929 300 2959 15
405 2920 459 2959 25
486 2915 699 2961 omnibus
723 2931 753 2958 v
844 2921 898 2959 26
926 2916 1186 2960 divinarum
1212 2919 1257 2973 a]
1288 2918 1478 2961 deorum
1579 2921 1631 2959 27
1665 2916 1770 2960 1811-

43 3024 46 3025 ⁷
85 2972 319 3028 giosorum
344 2977 422 3019 AG
514 2979 569 3018 28
603 2975 782 3019 artibus
814 2980 892 3017 DE
