2100 3186
298 132 364 184 21
374 133 405 184 8
1030 131 1261 177 FIRMICI

1098 325 1192 380 ΠΙ.

123 441 306 484 sot-9ff1
408 431 527 500 [De
575 432 822 501 gemino
879 430 1116 500 partu]
1194 429 1252 483 Si
1297 430 1539 502 luppiter
1593 435 1645 484 et
1690 431 1985 485 Mercurius

248 505 275 556 1
295 505 496 574 pariter
549 505 714 574 positi
762 505 820 557 in
871 505 1172 573 horoscopo
1226 505 1492 574 partiliter
1538 507 1647 559 sint
1693 507 1988 577 constituti,

295 579 626 647 horoscopus
659 582 838 631 autem
869 579 987 647 ipse
1018 580 1076 632 in
1107 579 1309 648 duplici
1341 581 1412 632 sit
1443 579 1611 650 signO,
1642 579 1794 632 Luna
1827 581 1987 632 etiam

294 653 351 705 in
399 671 734 722 quocumque
782 653 993 706 cardine
1049 653 1343 706 constituta
1397 654 1599 724 [signo]
1653 653 1838 723 fuerit,
1895 652 1988 707 Sol

212 767 216 769 »
295 745 419 780 vero
461 728 517 779 in
556 745 617 779 eo
659 728 812 797 signo
853 727 910 779 in
950 745 1054 796 quo
1095 730 1177 780 est
1217 727 1375 780 aliam
1415 728 1513 781 sibi
1550 730 1759 780 stellam
1790 727 1986 780 habeat

295 801 634 870 applicatam,
674 804 767 853 aut
806 802 1019 871 gemina
1059 804 1139 853 est
1170 803 1430 871 genitura,
1470 805 1562 854 aut
1595 802 1686 870 qui
1720 801 1797 855 sic
1827 805 1985 856 natus

243 874 456 927 2fuerit
495 876 737 945 geminos
778 875 998 928 habebit
1035 875 1190 928 filios
1266 874 1407 929 Illud
1440 893 1564 928 sane
1598 875 1987 929 observandum

295 952 398 1018 est,
445 967 511 1002 ne
564 968 721 1018 quem
774 950 966 1002 horum
1014 949 1267 1002 malivola
1317 952 1472 1002 stella
1521 952 1763 1018 superior
1801 950 1987 1002 effecta

293 1025 557 1092 respiciat.
635 1023 774 1076 Nam
816 1023 860 1076 si
900 1042 1064 1076 unum
1099 1042 1283 1076 eorum
1313 1026 1622 1093 respexerit,
1663 1024 1727 1076 de
1759 1023 1986 1094 geminis

294 1097 616 1166 quicumque
647 1099 794 1166 prior
835 1101 1120 1166 conceptus
1159 1098 1336 1166 fuerit,
1377 1101 1468 1150 aut
1506 1098 1563 1149 in
1600 1101 1759 1167 partu
1797 1097 1987 1150 morie-

292 1175 403 1240 tur,
460 1175 552 1224 aut
598 1175 721 1224 ante
766 1175 979 1240 tempus
1028 1171 1261 1224 cicietur.
1340 1171 1444 1224 Sed
1491 1175 1543 1223 et
1583 1172 1629 1224 si
1667 1190 1777 1224 non
1822 1171 1986 1224 fuerit

293 1245 445 1298 Luna
483 1246 538 1297 in
580 1246 883 1298 cardinibus
923 1247 1141 1298 inventa
1179 1263 1277 1298 nec
1315 1246 1371 1297 in
1416 1246 1620 1314 duplici
1658 1246 1828 1316 signo,
1865 1244 1986 1314 Iup-

293 1321 435 1389 piter
472 1338 597 1371 vero
638 1323 690 1372 et
729 1320 1026 1372 Mercurius
1066 1320 1204 1372 sicut
1243 1323 1366 1372 ante
1407 1320 1638 1372 diximus
1689 1320 1745 1371 in
1785 1319 1987 1388 duplici

296 1395 450 1463 signo
485 1394 765 1446 constituti
796 1394 853 1445 in
883 1393 1181 1463 horoscopo
1215 1396 1320 1446 sint
1352 1394 1551 1462 pariter
1581 1395 1801 1462 inventi,
1836 1393 1987 1446 Luna

294 1486 418 1520 vero
460 1467 530 1520 sit
571 1486 690 1520 cum
731 1467 914 1536 aliqua
954 1470 1107 1521 stella
1147 1468 1453 1537 coniuncta,
1493 1470 1585 1519 aut
1627 1466 1741 1536 Sol,
1787 1467 1989 1538 gemini

242 1542 594 1594 3nascentur.
674 1541 733 1594 Si
771 1542 924 1594 Luna
963 1546 1056 1594 aut
1095 1561 1216 1594 cum
1254 1542 1521 1595 Mercurio
1562 1544 1654 1593 aut
1701 1559 1821 1593 cum
1860 1540 1987 1594 Iove

294 1616 457 1668 fuerit
496 1617 727 1685 inventa,
768 1620 821 1668 et
862 1615 954 1668 Sol
994 1616 1151 1668 aliam
1192 1618 1400 1668 stellam
1441 1616 1545 1668 sibi
1583 1615 1780 1667 habeat
1819 1616 1986 1684 appli-

294 1694 490 1758 catam,
541 1693 594 1742 et
648 1690 703 1741 in
752 1691 1052 1758 duplicibus
1108 1690 1275 1760 signis
1324 1690 1603 1742 constituti
1657 1689 1884 1741 invicem
1933 1707 1987 1742 se

295 1782 628 1847 quacumque
668 1764 964 1817 radiatione
1003 1763 1307 1833 respiciant,
1347 1764 1439 1815 sed
1479 1767 1531 1816 et
1571 1763 1616 1815 si
1655 1764 1985 1832 horoscopus
2011 1785 2030 1816 2

294 1839 349 1890 in
383 1838 581 1906 duplici
615 1840 769 1908 signo
802 1837 963 1890 fuerit
994 1839 1259 1903 inventUS,
1295 1841 1347 1890 et
1378 1837 1573 1890 habeat
1607 1836 1985 1921 [horoscopus]

295 1930 683 1980 quamcumque
731 1912 834 1964 sibi
886 1915 1095 1965 stellam
1141 1913 1342 1996 pariter
1388 1911 1732 1980 applicatam,
1787 1911 1987 1995 gemini

240 1986 592 2040 411ascentur.
671 1985 774 2038 Sed
806 1989 859 2038 et
891 1986 935 2038 si
968 1986 1165 2038 Luna
1150 2005 1206 2038 in
1237 1985 1380 2038 Iovis
1413 1989 1505 2037 aut
1536 1984 1787 2037 Mercurii
1819 1984 1986 2055 signis

293 2060 457 2112 fuerit
488 2061 718 2127 inventa,
757 2059 1001 2129 Iuppiter
1033 2078 1156 2112 vero
1189 2063 1243 2112 et
1273 2059 1567 2112 Mercurius
1601 2059 1709 2111 sint
1742 2060 1796 2111 in
1829 2060 1987 2111 horo-

294 2153 459 2202 scopo
501 2134 779 2187 constituti
820 2137 912 2186 aut
951 2134 1007 2186 in
1047 2152 1237 2187 occasu
1278 2133 1393 2203 [ab]
1432 2133 1741 2201 horoscopi,
1788 2132 1987 2203 gemini

293 2211 591 2260 nascentur.
672 2207 728 2260 Si
774 2208 928 2260 Luna
977 2210 1032 2260 in
1080 2208 1281 2277 duplici
1328 2209 1484 2278 signo
1539 2208 1701 2259 fuerit
1755 2207 1986 2275 inventa,

272 2395 294 2420 ⁹
414 2403 439 2440 3
471 2398 706 2454 partiliter
738 2398 832 2441 sint
863 2399 921 2456 Δ]
956 2400 1090 2454 parte
1124 2398 1218 2441 sint
1250 2402 1283 2439 G
1332 2397 1426 2440 sint
1456 2397 1635 2453 pariter
1665 2395 1717 2438 A
1728 2400 1775 2438 Β
1803 2399 1808 2452 Ι
1851 2396 1986 2440 horo-

296 2457 424 2513 scopi
455 2459 589 2524 parte
622 2457 714 2500 sint
746 2471 771 2500 σ
924 2462 949 2500 5
982 2458 1064 2501 del.
1099 2473 1125 2499 a.
1278 2461 1302 2499 6
1342 2456 1517 2499 habeat
1549 2455 1733 2499 stellam
1763 2455 1868 2498 D2N

298 2521 319 2558 7
355 2516 542 2572 gemina
567 2518 636 2559 est
661 2519 685 2568 ζ
712 2517 781 2573 (cl.
807 2520 915 2569 220,
932 2517 1012 2573 2o)]
1047 2516 1256 2573 geminas
1315 2518 1320 2571 Ι
1377 2515 1624 2582 genituras
1649 2517 1736 2557 AG
1858 2518 1882 2556 9
1917 2515 1987 2556 est

295 2589 378 2619 om.
414 2578 451 2618 Δ
504 2577 509 2631 Ι
563 2575 729 2618 horum
760 2577 863 2632 AN]
897 2576 1204 2630 horoscopum
1328 2579 1379 2616 10
1414 2574 1471 2618 de
1504 2573 1702 2631 geminis
1733 2572 1792 2630 N]
1827 2573 1986 2615 decem

295 2634 344 2676 in
367 2634 440 2676 his
565 2639 617 2677 12
651 2637 835 2690 tempus
861 2635 966 2691 AG]
1001 2636 1251 2689 conceptus
1275 2637 1353 2675 AB
1405 2635 1410 2687 Ι
1462 2633 1626 2676 eicitur
1650 2636 1675 2685 ζ
1794 2636 1846 2674 15
1879 2645 1986 2687 par—

295 2693 445 2736 tiliter
475 2696 561 2736 ΔΔ
687 2698 739 2736 16
786 2693 1033 2736 coniuncta
1066 2694 1168 2750 AG]
1216 2692 1442 2736 collocata
1474 2691 1522 2734 A'
1535 2696 1568 2733 Β
1699 2694 1752 2733 19
1794 2690 1859 2747 et]
1905 2692 1987 2733 aut

296 2769 322 2795 κ
461 2756 515 2794 20
548 2752 835 2808 respexerint
865 2751 938 2794 vel
971 2752 1010 2794 si
1042 2755 1080 2794 Δ
1219 2757 1273 2794 21
1307 2752 1388 2794 del.
1424 2766 1451 2793 a
1590 2754 1644 2793 22
1679 2748 1862 2791 stellam
1896 2748 1986 2792 sibi

295 2809 389 2852 A'B
513 2815 566 2853 25
600 2812 659 2854 ab
691 2811 946 2867 horoscopo
978 2811 1121 2865 codd„
1154 2824 1266 2855 corr.
1293 2824 1318 2852 σ
1343 2816 1384 2854 et
1406 2827 1432 2852 u
1465 2810 1544 2865 qui
1575 2814 1615 2852 et
1645 2808 1694 2850 in
1727 2809 1889 2850 octavo
1925 2807 1983 2850 ab

298 2869 549 2925 horoscopo
584 2870 757 2929 (loco)
797 2872 863 2913 vel
903 2883 1069 2913 occasu
1102 2869 1187 2928 <id
1219 2871 1290 2912 est
1321 2869 1369 2911 in
1401 2868 1534 2926 VH.)
1576 2867 1634 2910 ab
1673 2867 1770 2910 hor.
1808 2865 1983 2924 <loco>

289 2931 510 2984 proponit

2011 1046 2054 1078 10

2014 1415 2052 1448 15

2011 2153 2052 2185 25
