2100 3186
806 139 871 184 VI
902 144 973 196 37,
994 144 1148 195 4—38,
1171 152 1204 184 4.
1745 135 1854 188 203

592 333 894 389 xxxvm.
934 333 1424 406 [MERCURIUS]

275 439 542 493 Mercurio
584 457 797 509 quoque
835 438 887 492 X
924 456 1186 492 annorum
1226 442 1279 491 et
1318 437 1396 490 IX
1434 438 1698 490 mensium
1739 453 1856 504 spa·
1876 434 1906 487 1

164 514 241 567 tia
280 514 605 582 deferentur3
644 516 699 566 et
736 514 790 565 in
830 513 935 567 hoc
973 513 1154 582 itaque
1195 512 1375 564 omnia
1411 513 1549 564 sicut
1580 511 1636 563 in
1667 510 1856 562 ceteris

166 588 335 641 stellis
376 588 539 640 simili
579 587 831 640 debemus
870 587 1079 639 ratione
1119 588 1387 657 colligere.
1466 585 1599 639 Cum
1643 585 1825 653 itaque
1843 593 2019 638 sol-W!

120 687 140 719 5
159 662 528 729 (Mercurius)
551 665 855 731 temporum
887 661 1134 714 dominus
1164 661 1342 727 fuerit,
1375 679 1439 714 ex
1471 659 1726 712 decennio
1760 676 1856 711 suo

166 735 267 788 XX
315 736 420 789 sibi
466 753 675 796 menses
721 738 970 788 reservat.
1046 734 1166 787 Hoc
1208 736 1389 804 itaque
1429 734 1576 786 omni
1614 736 1858 802 tempore

165 810 222 862 id
246 812 327 862 est
350 809 451 862 XX
475 809 746 862 mensibus
773 809 952 862 omnia
982 810 1124 862 bona
1156 828 1220 862 ex
1252 808 1478 861 assiduis
1509 807 1858 861 felicitatibus

167 884 536 954 decernuntur,
577 886 629 936 et
667 883 797 936 facit
827 887 890 936 ut
922 901 1104 936 omnes
1137 887 1286 936 actus
1318 900 1572 951 prospere
1605 884 1860 950 sequatur

166 961 401 1026 eventus,
432 959 744 1027 praesertim
776 959 823 1010 si
853 959 1130 1029 geniturae
1165 958 1328 1010 fuerit
1362 956 1608 1009 dominus
1641 959 1695 1008 et
1724 955 1860 1008 bene

99 1056 143 1088 ιο
168 1032 238 1085 sit
278 1034 584 1085 collocatus

279 1105 336 1158 Si
368 1106 664 1159 Mercurius
703 1110 1005 1175 temporum
1045 1106 1292 1160 dominus
1326 1105 1490 1157 fuerit
1522 1104 1756 1173 effectus,
1795 1122 1860 1157 ex
1878 1102 1912 1154 2

167 1179 421 1233 decennio
463 1199 558 1233 suo
593 1179 824 1234 Saturno
857 1180 1011 1232 XXX
1051 1179 1274 1250 deputat
1304 1197 1529 1232 menses,
1600 1177 1731 1231 Cum
1764 1179 1860 1231 ita-

169 1273 271 1323 que
319 1253 579 1307 Saturnus
629 1255 942 1324 deputatum
989 1254 1117 1307 sibi'
1141 1273 1172 1306 a
1210 1253 1475 1307 Mercurio
1524 1256 1736 1322 tempus
1778 1271 1861 1307 ac-

169 1330 390 1397 ceperit,
446 1329 858 1382 domesticorum
906 1331 1105 1381 mortes
1159 1347 1225 1381 ex
1278 1328 1491 1380 assidua
1544 1328 1862 1380 infortunio·

101 1405 287 1459 15'rum
312 1403 614 1456 calamitate
639 1403 890 1472 decernit,
921 1407 1203 1472 parentum
1229 1402 1473 1455 affinium
1495 1405 1862 1471 patronorum,

171 1480 225 1529 et
264 1477 359 1545 qui
397 1477 554 1530 nobis
592 1478 844 1546 prodesse
884 1481 1221 1530 consuerunt.

283 1550 341 1604 Si
372 1550 668 1604 Mercurius
708 1554 1012 1621 temporum
1049 1552 1296 1604 dominus
1328 1551 1492 1604 fuerit
1523 1551 1760 1621 effectuS,
1798 1547 1915 1603 ex3

171 1625 425 1678 decennio
479 1644 573 1678 suo
613 1624 730 1678 Iovi
769 1624 874 1678 ΧΠ
924 1625 1146 1695 deputat
1195 1644 1418 1679 menses,
1498 1624 1632 1679 Cum
1682 1626 1864 1694 itaque

169 1697 416 1769 Iuppiter
456 1700 770 1768 deputatum
814 1699 916 1752 sibi
957 1719 987 1752 a
1026 1699 1291 1752 Mercurio
1332 1703 1545 1770 tempus
1585 1700 1865 1769 acceperit,

102 1797 148 1830 20
172 1777 382 1843 tempus
433 1773 648 1843 quidem
689 1775 929 1842 quietum
970 1777 1024 1827 et
1062 1774 1128 1826 ab
1170 1776 1316 1827 omni
1354 1775 1695 1845 negotiorum
1736 1777 1864 1826 stre-

171 1849 290 1916 pitu
323 1851 623 1916 separatum
660 1848 910 1916 decernit,
943 1847 1036 1901 sed
1067 1848 1123 1899 in
1154 1848 1256 1902 hac
1287 1850 1404 1918 ipsa
1430 1849 1608 1918 quiete
1631 1848 1865 1900 maxima

171 1922 345 1974 laudis
403 1922 683 1975 commoda
737 1925 790 1974 et
840 1922 1159 1992 gaudiorum
1210 1922 1473 1975 laetitiam
1525 1940 1734 1991 semper
1784 1939 1867 1974 ac-

173 1996 492 2063 commodat,
546 1996 686 2049 filios
742 1997 903 2048 etiam
956 2015 1066 2048 non
1118 1996 1440 2050 habentibus
1495 1997 1542 2048 si
1589 1997 1866 2066 geniturae

172 2071 310 2122 ratio
349 2070 664 2139 permiserit,
704 2070 851 2123 omni
888 2071 1095 2123 ratione
1136 2071 1386 2124 decernit.

106 2166 151 2199 25
288 2142 346 2196 Si
377 2143 671 2197 Mercurius
711 2148 1017 2212 temporum
1051 2145 1299 2197 dominus
1331 2145 1495 2197 fuerit
1527 2145 1762 2213 effectuS,
1802 2142 1919 2196 ex4

176 2218 430 2270 decennio
472 2236 567 2270 suo
607 2218 771 2271 Marti
809 2217 913 2271 XV
952 2219 1172 2287 deputat
1208 2237 1429 2272 menses
1511 2218 1643 2271 Cum
1686 2219 1867 2287 itaque

174 2291 318 2344 Mars
360 2292 674 2360 deputatum
714 2291 818 2345 sibi
853 2311 884 2345 a
915 2291 1180 2345 Mercurio
1213 2297 1424 2362 tempus
1456 2293 1730 2362 acceperit,
1769 2292 1868 2344 ini-

177 2367 342 2418 micos
391 2366 634 2434 suscitat,
681 2366 1044 2420 accusationes
1093 2366 1275 2436 infert,
1323 2367 1447 2420 lites
1495 2385 1559 2420 ex
1605 2385 1743 2420 nova
1784 2367 1868 2419 de-

301 2532 322 2569 1
357 2528 516 2570 lemma
548 2540 632 2570 om.
665 2528 705 2569 A
828 2530 854 2569 2
886 2526 968 2584 IX]
1001 2527 1106 2570 VIII
1136 2526 1234 2570 A'G
1354 2533 1381 2571 4
1413 2528 1578 2572 eadem
1610 2528 1750 2572 debes
1783 2530 1823 2571 Δ
1861 2528 1864 2586 Ι

179 2584 294 2628 Cum
325 2585 487 2640 itaque
519 2586 557 2643 ζ]
602 2585 763 2640 itaque
796 2600 902 2629 cum
932 2591 1014 2628 An
1056 2586 1095 2629 is
1129 2600 1234 2630 cum
1265 2591 1391 2629 ΒΘΗ
1523 2593 1548 2631 5
1583 2588 1689 2632 add.
1722 2602 1751 2629 v
1880 2626 1889 2637 ,

181 2650 205 2688 7
240 2644 425 2688 assidua
447 2644 676 2688 felicitate
705 2647 751 2688 Γ
865 2649 891 2688 8
923 2647 978 2688 ut
1001 2659 1084 2689 om.
1108 2649 1187 2687 BG
1229 2648 1234 2702 Ι
1277 2659 1470 2702 prosper
1493 2649 1533 2690 Δ
1657 2651 1709 2689 12
1743 2645 1871 2689 XXX

180 2702 380 2747 Saturno
417 2706 463 2747 Γ
591 2708 644 2746 15
677 2703 802 2762 (ut)
834 2706 1080 2760 parentum
1111 2720 1138 2747 a
1274 2711 1325 2749 16
1360 2708 1698 2749 consueverunt
1729 2705 1871 2748 A‘nG

241 2767 296 2806 22
328 2762 563 2806 laetitiam
596 2763 725 2821 GNv]
767 2763 975 2806 laetitias
1007 2768 1044 2805 A
1086 2762 1270 2808 laetitia
1302 2768 1334 2806 B
1369 2767 1471 2809 Pat.
1503 2764 1743 2808 licentiam
1775 2770 1810 2807 D
1862 2766 1865 2819 ξ

183 2822 538 2865 accommodant
576 2824 614 2864 Δ
769 2827 823 2864 23
864 2822 1108 2878 geniturae
1146 2823 1268 2866 ratio
1314 2824 1377 2882 Γ]
1425 2823 1584 2867 natale
1623 2830 1658 2866 D
1712 2824 1870 2867 natale

182 2881 306 2924 enim
335 2885 374 2923 N
407 2883 503 2938 (qui
532 2881 693 2925 deinde
724 2882 849 2924 omni
882 2884 983 2938 om.)
1135 2886 1190 2924 26
1223 2882 1307 2926 XV
1339 2896 1518 2926 menses
1551 2883 1873 2927 accommodat

183 2942 222 2982 A
346 2943 401 2982 28
434 2940 573 2998 nova]
607 2940 772 2983 nociva
803 2957 830 2983 κ
