2100 3186
263 165 372 218 200
995 165 1225 210 FIRMICI

262 286 407 339 Mars
449 287 763 356 deputatum
804 286 907 339 sibi
945 304 976 338 a
1017 285 1141 340 Sole
1179 290 1390 356 tempus
1429 286 1705 356 acceperit,
1748 287 1859 339 sive
1896 287 1953 340 in

263 361 453 413 diurna
500 361 611 414 sive
658 360 715 412 in
761 363 1022 413 nocturna
1069 361 1329 431 genitura,
1379 360 1704 430 patrimonio
1745 360 1953 414 miseris

182 465 184 467 v
261 434 676 487 lacerationibus
732 434 1005 504 dissipato,
1060 438 1325 488 extremae
1378 435 1710 504 paupertatis
1764 433 1954 487 indicit

262 509 559 579 angustias,
610 508 702 562 sed
740 512 794 561 et
834 509 1043 561 crebras
1085 526 1363 562 causarum
1403 507 1826 562 conflictationes
1867 527 1952 562 ex-

261 584 451 653 agitat,
515 584 792 636 oculorum
847 581 1007 635 etiam
1071 583 1281 636 crebros
1345 583 1554 636 dolores
1619 582 1838 652 efficiet,
1900 586 1954 636 et
1999 608 2023 642 ε,

261 675 421 727 grave
459 656 684 727 periculi
724 657 1008 708 discrimen
1047 656 1250 727 indicit,
1290 659 1343 709 et
1381 657 1594 711 assidua
1633 656 1952 709 damnorum

214 762 218 765 <
261 731 662 783 continuatione
702 731 984 783 concutiet.

208 804 242 857 5
375 804 432 857 Si
474 804 567 858 Sol
615 804 862 858 dominus
910 808 1212 874 temporum
1257 804 1420 858 fuerit
1465 805 1709 874 effectus,
1756 822 1821 857 ex
1868 804 1953 857 de-

261 879 449 932 cennio
492 897 587 931 suo
629 879 850 948 deputat
888 877 1086 931 Veneri
1125 877 1259 931 VIII
1298 896 1520 932 menses
1598 847 1731 932 Curii
1770 879 1952 964 itaque

258 951 444 1006 Venus
499 953 812 1022 deputatum
867 953 973 1005 sibi
1027 971 1056 1004 a
1113 951 1236 1006 Sole
1290 956 1501 1022 tempus
1556 953 1841 1022 acceperit,
1895 953 1953 1005 in
1976 973 2022 1011 ιο

47 1052 50 1053 ’
87 1038 271 1082 sol-871
293 1027 542 1081 omnibus
599 1027 813 1096 quidem
866 1027 1099 1110 negotiis
1147 1045 1463 1096 prosperum
1514 1026 1751 1080 decernit
1800 1044 1951 1080 even—

259 1105 399 1171 tum,
450 1101 542 1155 sed
580 1102 763 1154 uxoris
804 1101 1009 1153 animos
1048 1119 1169 1153 cum
1210 1102 1438 1170 quadam
1476 1101 1712 1154 malitiae
1752 1100 1952 1154 dissen-

260 1176 410 1228 sione
450 1194 659 1244 semper
697 1175 1010 1244 inflammat,
1048 1179 1110 1227 ut
1148 1176 1332 1228 uxoris
1370 1176 1542 1228 latens
1582 1175 1790 1228 animus
1821 1178 1952 1228 tunc

259 1268 314 1302 se
356 1253 407 1302 et
446 1250 640 1319 prodat
679 1253 732 1302 et
771 1249 1008 1320 detegat,
1056 1252 1150 1302 aut
1196 1251 1241 1302 si
1280 1253 1411 1303 tunc
1448 1267 1586 1302 uxor
1624 1267 1733 1301 non
1770 1249 1950 1319 fuerit,

258 1344 289 1376 a
328 1324 551 1377 muliere
591 1323 876 1376 discrimen
914 1323 1183 1392 indicitur,
1223 1326 1276 1376 et
1314 1326 1535 1393 propter
1571 1323 1675 1377 hoc
1706 1323 1950 1392 publicas
1975 1348 2020 1381 15

258 1416 445 1451 causas
491 1401 544 1452 et
590 1398 828 1451 forenses
877 1398 1177 1450 simultates
1224 1398 1484 1468 exagitat,
1538 1401 1591 1450 et
1637 1398 1810 1450 turbis
1858 1398 1950 1450 sed

256 1472 612 1525 mediocribus
652 1472 909 1526 excitatis

206 1547 238 1598 6
370 1546 428 1599 Si
468 1545 562 1599 Sol
607 1550 912 1615 temporum
961 1546 1207 1599 dominus
1253 1545 1417 1598 fuerit
1465 1546 1704 1614 effectuS,
1751 1564 1816 1598 ex
1864 1546 1948 1598 de-

257 1622 445 1674 cennio
487 1638 583 1672 suo
625 1621 846 1690 deputat
877 1619 1141 1672 Mercurio
1174 1619 1275 1672 XX
1306 1638 1527 1672 menses
1601 1618 1734 1672 Cum
1766 1619 1948 1688 itaque

255 1694 551 1747 Mercurius
592 1695 905 1764 deputatum
946 1693 1050 1746 sibi
1082 1712 1112 1745 a
1145 1692 1268 1746 Sole
1299 1697 1512 1762 tempus
1543 1694 1822 1762 acceperit,
1859 1712 1944 1746 ne·
1972 1718 2018 1751 ρο

255 1770 405 1840 gotia
445 1767 660 1821 crebros
700 1771 847 1821 actus
889 1771 941 1820 et
980 1768 1195 1819 assidua
1234 1768 1471 1821 decernit
1499 1769 1771 1821 lucrorum
1806 1786 1947 1822 com-

255 1843 428 1911 moda,
476 1843 567 1895 sed
612 1843 731 1912 ipsa
775 1843 923 1894 lucra
970 1860 1089 1894 cum
1130 1842 1377 1894 maximis
1416 1842 1692 1894 laboribus
1733 1845 1786 1895 et
1825 1859 1947 1895 cum

254 1918 503 1969 maximis
542 1916 796 1986 periculis
837 1916 1163 1969 deferuntur.

206 1994 234 2044 7
367 1991 424 2044 Si
466 1990 559 2043 Sol
604 1994 907 2059 temporum
957 1990 1202 2042 dominus
1249 1989 1414 2042 fuerit
1461 1991 1695 2058 effectuS,
1746 2008 1811 2043 ex
1859 1990 1946 2042 de-

256 2065 444 2119 cennio
486 2083 582 2117 suo
622 2063 775 2117 XXV
815 2082 1022 2116 menses
1063 2064 1284 2132 deputat
1323 2064 1518 2117 Lunae.
1590 2062 1723 2116 Cum
1764 2064 1946 2133 itaque
1969 2088 2013 2121 25

253 2139 406 2191 Luna
447 2139 760 2207 deputatum
801 2138 903 2191 sibi
944 2157 974 2190 a
1013 2136 1137 2191 Sole
1173 2142 1382 2207 tempus
1415 2138 1693 2207 acceperit,
1733 2155 1944 2190 omnem

254 2214 419 2265 vitam
468 2213 700 2265 hominis
740 2211 1052 2280 <in>stabili
1093 2230 1300 2281 semper
1337 2213 1596 2265 varietate
1642 2212 1948 2282 conturbat,

254 2290 314 2338 ut
355 2287 610 2356 quicquid
656 2288 772 2355 ipso
821 2290 1063 2355 tempore
1113 2287 1365 2339 collatum
1405 2286 1582 2354 fuerit,
1628 2303 1811 2338 rursus
1850 2304 1945 2355 po-

253 2361 485 2414 tioribus
525 2360 825 2413 rationibus
865 2360 1149 2428 auferatur,
1190 2363 1242 2412 et
1282 2361 1382 2412 erit
1420 2360 1596 2429 ipsum
1636 2363 1845 2428 tempus
1879 2378 1945 2412 cx

377 2497 398 2534 1
434 2491 528 2535 sive
561 2490 622 2534 sit
653 2491 820 2534 diurna
848 2490 943 2534 sive
968 2492 1089 2534 noct.
1115 2492 1155 2534 Δ
1278 2495 1304 2533 4
1337 2491 1547 2547 exagitat
1569 2491 1615 2549 a]
1649 2490 1885 2547 excogitat

253 2555 279 2592 5
313 2550 494 2594 dolores
520 2550 702 2594 crebros
727 2552 767 2593 Δ
872 2555 897 2593 6
923 2549 1080 2605 gravis
1105 2563 1199 2605 per.
1227 2549 1400 2592 crimen
1425 2552 1465 2593 Δ
1571 2554 1624 2593 13
1649 2549 1946 2605 perfiammat

253 2623 364 2655 corr.
406 2625 432 2651 a
473 2608 816 2665 (perflammant
848 2611 947 2663 AN)
1101 2612 1155 2651 14
1193 2609 1352 2664 prodit
1382 2612 1415 2651 B
1447 2609 1552 2653 Pac.
1598 2608 1756 2665 perdit
1785 2612 1822 2650 A

256 2673 308 2710 15
341 2667 509 2711 indicit
539 2684 565 2711 κ
704 2672 756 2711 16
792 2667 938 2711 turbis
972 2667 1027 2724 A]
1059 2667 1219 2711 turbas
1253 2667 1428 2723 (turbas
1463 2668 1544 2710 sed
1574 2667 1831 2711 mediocres
1864 2680 1941 2711 ex-

254 2728 370 2770 citat
401 2730 444 2783 κ)
503 2730 508 2783 Ι
567 2727 647 2770 sed
680 2730 764 2770 AG
827 2740 875 2770 se
907 2730 985 2768 AB
1140 2731 1193 2770 18
1238 2727 1452 2770 dominus
1484 2728 1745 2782 temporum
1781 2728 1828 2769 Γ

254 2791 307 2829 19
341 2786 423 2828 XV
449 2788 488 2829 Δ
515 2786 670 2842 (Merc.
696 2786 736 2828 X
805 2786 907 2841 dep.
934 2798 1075 2828 mens.
1101 2787 1156 2840 N)
1278 2790 1334 2829 20
1359 2784 1537 2842 negotii
1561 2802 1588 2829 κ
1710 2790 1761 2827 21
1789 2784 1942 2828 lucro-

250 2859 352 2887 rum
379 2845 585 2889 decernit
610 2848 649 2888 A
698 2883 704 2889 .
773 2850 827 2888 25
859 2843 986 2886 XXV
1011 2844 1063 2901 B]
1088 2843 1214 2886 XXX
1254 2846 1259 2901 Ι
1298 2845 1454 2887 Lunae
1478 2843 1605 2886 XXX
1630 2844 1731 2899 dep.
1757 2857 1941 2888 menses

253 2907 337 2946 AG
370 2905 490 2960 (dep.
523 2918 666 2947 mens.
701 2910 741 2947 et
771 2906 821 2960 B)
956 2907 1008 2945 27
1045 2903 1149 2946 add.
1184 2906 1246 2955 κζ
1372 2907 1426 2946 28
1458 2904 1512 2945 ut
1544 2903 1594 2960 G]
1630 2905 1711 2946 aut
1743 2905 1807 2958 (et
1837 2905 1892 2959 N)
1930 2903 1934 2960 Ι

252 2963 473 3006 collatum
500 2963 554 3020 A]
582 2962 859 3006 collocatum
887 2965 892 3019 Ι
920 2961 1252 3017 posterioribus
1278 2975 1339 3005 κσ
1430 2966 1484 3005 29
1509 2963 1694 3017 tempus
1718 2961 1871 3018 ipsum
1896 2964 1938 3005 A
