2066 3192
281 137 352 189 46
988 169 991 171 -
1008 133 1235 178 FIRMICI

188 256 261 309 50
276 256 500 310 neaticis
540 257 692 308 annis
732 273 899 323 usque
938 257 1003 308 ad
1041 254 1232 307 XLIII.
1274 258 1464 308 aetatis
1505 274 1716 308 annum.
1792 256 1967 309 Erunt

280 335 456 383 autem
489 331 723 398 pericula
752 330 984 381 maxima
1014 329 1117 382 hoc
1141 333 1394 398 tempore,
1428 333 1583 382 erunt
1607 330 1965 399 aegritudines

279 408 435 457 erunt
460 422 663 472 causae,
696 408 850 456 erunt
873 406 1103 455 terrores
1129 406 1284 456 erunt
1307 404 1778 474 peregrinationes,
1811 407 1967 475 erunt

279 479 413 531 tales
451 478 784 531 humilitates
822 481 883 529 ut
915 477 980 530 ad
1012 477 1385 530 detrimentum
1421 478 1747 546 captivitatis
1781 481 1834 530 et
1865 496 1967 531 ser·

278 553 467 606 vitutis
522 553 759 620 veniant,
814 555 969 604 erunt
1024 551 1300 621 angustiae
1355 555 1510 604 erunt
1561 552 1785 604 laboreS.
1865 550 1967 605 Sed

276 627 406 679 haec
456 627 636 679 omnia
685 626 812 678 talia
863 629 1019 678 erunt
1069 629 1131 678 ut
1177 626 1240 677 ad
1291 625 1697 678 similitudinem
1743 626 1967 680 miserae

275 702 466 753 mortis
506 700 769 753 accedant.
849 698 952 752 Sed
999 703 1122 768 post
1169 699 1298 752 haec
1345 700 1523 753 omnia
1571 701 1876 752 discrimina
1922 702 1966 752 si

274 774 518 844 Iuppiter
563 778 615 827 et
655 773 836 827 Venus
884 776 939 826 in
987 775 1232 844 genitura
1279 775 1411 826 bene
1458 774 1658 826 fuerint
1705 775 1966 844 collocati,

276 849 502 920 gloriam
525 848 674 902 lucra
699 851 751 901 61
775 848 1053 917 dignitatis
1081 850 1479 916 consequuntur
1502 847 1746 918 insignia.
1794 848 1966 902 Habe-

278 924 411 976 bunt
450 923 612 976 etiam
652 926 744 975 aut
782 922 973 975 vitium
1013 925 1105 974 aut
1144 922 1505 989 valitudinem,
1545 925 1636 974 aut
1674 941 1739 975 ex
1770 923 1883 993 igni
1914 927 1967 975 et

186 997 254 1050 51
273 998 414 1050 ferro
455 997 719 1068 insignem
761 997 1071 1049 cicatricem.
1152 995 1255 1048 Sed
1295 999 1348 1048 et
1387 1014 1728 1065 quascunque
1767 997 1966 1050 fuerint

275 1090 467 1125 uxores
506 1071 716 1142 legibus
758 1072 950 1139 sortiti,
989 1074 1145 1123 erunt
1179 1070 1396 1123 inutiles
1430 1073 1483 1123 et
1512 1069 1646 1123 tales
1680 1089 1813 1139 quae
1845 1089 1966 1124 con-

276 1149 359 1198 tra
396 1146 528 1198 iuris
570 1146 809 1197 ordinem
849 1145 1044 1197 vivant.
1115 1143 1219 1197 Sed
1257 1145 1461 1197 tamdiu
1499 1145 1584 1197 his
1615 1145 1964 1198 incommodis

274 1220 608 1287 laborabunt,
661 1219 914 1288 quamdiu
956 1217 1216 1271 Saturnus
1268 1218 1324 1270 in
1369 1218 1564 1271 Leonis
1611 1219 1815 1272 venerit
1861 1221 1966 1289 sig-

275 1314 416 1346 num.
496 1293 637 1346 Ante
684 1294 824 1346 enim
873 1312 1033 1363 quam
1081 1293 1147 1345 ad
1186 1292 1417 1345 Leonem
1465 1293 1670 1346 venerit
1714 1293 1965 1362 patrimo-

273 1369 419 1420 nium
455 1368 662 1420 minuit.
732 1367 882 1420 Tunc
915 1367 1105 1419 damna
1137 1367 1385 1435 decernit,
1424 1370 1552 1419 tunc
1583 1367 1804 1420 iniurias
1837 1371 1965 1420 tunc

275 1443 557 1510 vanitateS,
610 1446 737 1494 tunc
793 1442 1204 1494 domesticorum
1258 1444 1455 1494 mortes
1509 1445 1638 1494 tunc
1686 1445 1834 1494 tanta
1881 1442 1964 1494 de-

275 1517 443 1570 cernit
474 1516 783 1585 infortunia‚
808 1519 868 1567 ut
899 1516 1142 1568 homines
1175 1517 1438 1567 malorum
1472 1515 1962 1569 continuationibus

277 1590 513 1659 quassati
554 1591 656 1642 sibi
696 1591 1033 1643 vehementer
1071 1590 1174 1658 ipsi
1206 1593 1435 1641 mortem
1467 1589 1659 1642 inferre
1692 1594 1961 1643 conentur.

185 1665 256 1718 52
276 1663 379 1717 Sed
419 1668 472 1717 et
512 1683 632 1718 cum
672 1665 727 1716 in
768 1664 1038 1733 quadratis
1078 1664 1333 1716 lateribus
1372 1664 1554 1727 fuerit,
1605 1663 1734 1715 haec
1781 1664 1962 1718 eadem

275 1738 439 1791 simili
484 1739 690 1792 ratione
738 1739 987 1805 decernit,
1037 1742 1097 1790 ut
1145 1739 1274 1790 haec
1320 1739 1580 1790 malorum
1629 1738 1964 1791 incommoda

273 1831 368 1882 per
414 1813 522 1865 dies
571 1812 811 1883 singulos
859 1815 1107 1864 crescant.
1186 1811 1335 1863 Tunc
1384 1830 1447 1864 ex
1496 1815 1668 1864 morte
1719 1809 1962 1864 affinium

274 1887 497 1955 dolores,
530 1891 658 1939 tunc
690 1891 901 1954 tempus
941 1885 1213 1955 frigidum,
1252 1889 1380 1938 tunc
1420 1889 1575 1937 erunt
1612 1886 1807 1937 misera
1837 1905 1962 1954 pau-

112 1977 286 2016 fol-63rl
305 1962 529 2030 perta-tis
575 1960 931 2027 incommoda,
977 1959 1288 2028 praesertim
1341 1959 1385 2011 si
1426 1960 1479 2011 in
1521 1960 1791 2027 quadratis
1830 1961 1962 2013 locis

277 2034 506 2087 Saturno
560 2036 855 2088 constituto
914 2033 1031 2086 VII.
1079 2034 1163 2086 vel
1217 2033 1306 2085 IX.
1355 2034 1542 2085 aetatis
1605 2035 1728 2085 anni
1783 2053 1961 2103 super-

275 2109 527 2161 venerint.
592 2109 742 2161 Tunc
781 2108 919 2160 enim
955 2111 1110 2160 erunt
1142 2108 1412 2160 custodiae
1452 2108 1779 2176 ignominiae
1819 2126 1960 2160 men-

275 2183 534 2250 dicitates,
575 2184 908 2236 intonsorum
954 2181 1176 2234 crinium
1210 2181 1452 2247 inluvieS,
1483 2183 1791 2250 praesertim
1828 2183 1872 2235 si
1904 2183 1959 2234 in

274 2255 510 2324 Aquario
568 2256 827 2309 Saturnus
891 2256 1213 2308 constitutus
1276 2256 1389 2324 ipse
1443 2255 1605 2307 fuerit
1658 2258 1959 2324 temporum

186 2332 255 2384 53
275 2331 534 2383 dominus
611 2330 812 2382 Multos
866 2333 1043 2382 tamen
1092 2350 1299 2378 *mmm
1347 2333 1409 2381 ut
1458 2330 1512 2380 in
1563 2329 1694 2397 ipsis
1745 2329 1959 2398 templis

393 2466 417 2503 2
453 2463 609 2504 autem
642 2467 746 2505 ante
778 2459 946 2503 aetatis
973 2474 1082 2516 pon.
1110 2462 1149 2502 Δ
1258 2465 1284 2501 4
1317 2461 1369 2502 111
1401 2474 1483 2503 om.
1510 2462 1549 2502 Δ
1644 2466 1668 2503 5
1701 2459 1890 2503 veniant
1915 2462 1961 2503 et

274 2519 508 2563 servitutis
535 2535 560 2562 σ
651 2526 675 2562 6
710 2518 1037 2562 similitudines
1070 2521 1114 2561 Γ
1202 2523 1253 2560 11
1289 2519 1552 2573 quicunque
1582 2521 1627 2561 Γ
1646 2521 1821 2574 (quaec.
1849 2522 1898 2574 G)

278 2584 328 2621 13
364 2579 452 2622 Sed
486 2581 532 2622 et
566 2581 603 2621 Δ
721 2584 774 2622 18
808 2578 1034 2634 homines]
1075 2580 1120 2620 Γ
1160 2577 1210 2620 hi
1243 2592 1399 2620 omnes
1434 2580 1472 2620 Δ
1507 2578 1719 2620 omnibus
1752 2595 1778 2620 κ
1811 2579 1958 2621 0111111-

274 2653 351 2681 11111
385 2653 409 2681 σ
440 2638 604 2680 horum
637 2641 660 2689 ζ
780 2642 833 2681 23
869 2638 1004 2681 6111111
1034 2637 1089 2693 Ν]
1125 2638 1292 2692 gerunt
1413 2641 1468 2678 25
1493 2635 1588 2679 VII.
1618 2636 1693 2679 vel
1723 2637 1820 2694 IX]
1844 2638 1960 2681 solve

275 2698 455 2752 septeni
480 2697 551 2740 vel
577 2697 741 2740 noveni
771 2701 775 2751 Ι
803 2696 865 2739 IX
892 2698 1088 2751 (novem)
1106 2696 1162 2752 N]
1189 2695 1304 2738 VIII.
1335 2697 1340 2750 Ι
1369 2708 1516 2738 annus
1542 2697 1855 2751 supervenerit
1879 2699 1918 2739 Δ
1950 2727 1951 2751 ;

273 2757 447 2799 —nerint
479 2757 530 2813 A]
568 2758 755 2798 -nerunt
788 2759 907 2798 BOG
1060 2759 1113 2796 26
1146 2753 1405 2810 ignominia
1437 2755 1754 2798 mendicitatis
1789 2769 1898 2798 corr.
1930 2771 1956 2797 a

274 2815 617 2870 (mendacitatis
652 2817 709 2857 A*
832 2818 885 2857 27
927 2813 1216 2856 intonsarum
1249 2827 1359 2857 corr.
1386 2828 1414 2855 v
1446 2817 1457 2869 .Ι
1504 2813 1700 2856 inluvies
1733 2812 1803 2871 A'j
1836 2813 1956 2856 inlu-

274 2874 372 2917 vius
407 2877 444 2917 A
478 2873 712 2930 ingluvius
746 2878 784 2915 N
815 2873 921 2916 -viis
953 2878 988 2914 1>
1095 2876 1149 2914 29
1184 2872 1342 2914 multis
1376 2876 1411 2913 A
1440 2875 1444 2927 Ι
1475 2875 1556 2916 lac.
1581 2878 1682 2916 stat.
1709 2875 1759 2926 ζ,·
1790 2874 1957 2916 excidit

266 2939 448 2988 praeter
480 2935 576 2976 alia
608 2935 654 2974 et
684 2932 826 2975 faciet
858 2931 979 2989 (<ita
1004 2930 1258 2990 deprimit>
1283 2933 1326 2987 κ)
1355 2933 1361 2986 Ι
1395 2934 1448 2974 111
1478 2932 1542 2989 Γ]
1576 2933 1622 2974 61
1646 2933 1685 2974 Δ
1714 2933 1719 2987 Ι
1746 2931 1954 2989 templis]

2013 575 2032 608 5

1991 947 2033 978 10

1990 1315 2031 1348 15

1989 1686 2031 1718 20

1986 2055 2028 2087 25
