2066 3192
291 125 361 176 32
539 115 543 118 ’
1023 124 1252 169 FIRMICI

270 245 492 299 .dederit
536 265 780 314 uxorem,
827 249 919 298 aut
965 246 1189 314 repudio
1231 246 1296 297 ab
1338 264 1399 298 ea
1437 249 1530 298 aut
1568 247 1755 300 mortis
1796 247 1978 300 discri-

288 320 430 372 mine
470 319 748 372 dividetur.
810 319 932 372 Erit
978 338 1103 373 sane
1150 320 1262 371 sine
1300 320 1428 372 filiis
1468 324 1560 373 aut
1597 339 1764 373 unum
1802 321 1975 373 filium

290 394 558 462 suscipiet.
638 393 740 446 Sed
794 411 915 446 cum
967 392 1227 445 Saturnus
1283 394 1349 445 ad
1403 396 1616 464 signum
1669 394 1976 464 Scorpionis

289 469 579 536 accesserit,
618 471 747 520 tunc
786 470 838 520 et
876 467 1006 520 felix
1046 471 1099 520 et
1130 468 1395 538 gloriosus
1428 473 1480 521 et
1510 470 1829 538 pecuniosus
1862 469 1976 522 erit.

290 540 393 593 Sed
439 546 492 593 et
537 545 664 594 tunc
711 542 924 594 viduam
971 542 1224 594 sortietur
1270 560 1506 610 uxorem,
1557 560 1677 595 cum
1719 561 1824 612 qua
1863 545 1975 595 sine
2022 565 2043 598 5

288 616 468 684 aliquo
510 616 851 668 dissensionis
891 616 1067 686 iurgio
1107 634 1274 684 usque
1311 617 1377 668 ad
1411 615 1548 668 diem
1580 617 1831 669 ultimum
1862 636 1976 686 per—

194 689 272 741 12
289 690 564 742 severabit.
642 690 843 743 Multae
899 691 1060 743 etiam
1114 708 1196 742 res
1251 690 1298 742 ei
1350 691 1630 743 credentur
1680 694 1733 743 et
1782 691 1976 744 multas

288 765 616 834 <e>rogabit,
656 767 708 816 et
747 766 942 816 multas
983 782 1103 816 cum
1147 764 1274 816 viris
1320 765 1714 833 potentioribus
1759 764 1979 818 habebit

291 838 611 907 simultateS,
652 841 704 890 et
744 857 809 890 ex
848 839 979 907 ipsis
1019 838 1382 891 simultatibus
1422 838 1834 907 periclitabitur,
1872 840 1978 892 nisi

289 910 432 965 Iovis
473 913 626 966 stella
664 913 796 965 bene
834 916 963 965 tunc
1001 914 1057 965 in
1095 913 1342 983 genitura
1374 931 1589 966 currens
1621 914 1979 982 periculorum
2003 936 2046 968 ιο

131 1001 297 1040 sol-6001
318 987 542 1040 istorum
583 986 890 1040 discrimina
927 985 1204 1057 mitigarit.
1274 986 1451 1038 Erunt
1486 988 1626 1040 enim
1660 988 1752 1055 qui
1784 988 1859 1040 sic
1889 988 1980 1040 ha-

290 1062 502 1114 buerint
542 1060 858 1129 Saturnum,
907 1079 1116 1130 semper
1153 1061 1363 1131 magnis
1402 1079 1464 1114 ac
1501 1061 1812 1130 potentibus
1850 1061 1978 1114 viris

291 1136 558 1204 contrarii,
596 1135 912 1188 inferiorum
953 1135 1056 1187 sibi
1093 1135 1358 1204 praesidia
1398 1153 1605 1204 semper
1635 1135 1980 1206 applicanteS,

292 1213 343 1261 et
381 1210 688 1279 frequenter
727 1213 882 1262 erunt
919 1209 975 1261 in
1014 1209 1186 1261 libera
1225 1209 1467 1262 custodia
1506 1210 1799 1278 constituti.
1869 1209 1980 1262 Nu-

291 1285 453 1336 trient
492 1285 715 1353 capiUos
754 1287 974 1353 propter
1013 1284 1276 1336 amicitiae
1316 1284 1540 1337 alicuius
1579 1284 1978 1336 incommodum
2003 1305 2045 1339 15

293 1359 379 1411 vel
431 1362 651 1428 propter
703 1358 1056 1410 infortunium
1111 1358 1300 1411 mortis
1361 1361 1452 1410 aut
1515 1359 1695 1410 damni
1756 1358 1978 1410 alicuius

293 1433 487 1485 misera
523 1436 804 1485 tormenta.
883 1430 985 1484 Sed
1033 1450 1154 1484 cum
1193 1432 1354 1484 variis
1401 1432 1759 1501 periculorum
1801 1432 1979 1485 discri-

292 1507 526 1559 minibus
567 1507 906 1575 conquassati
946 1507 1168 1574 fuerint,
1215 1509 1343 1559 tunc
1380 1524 1666 1575 prosperae
1706 1506 1979 1559 felicitatis

293 1581 639 1634 sublevantur
678 1584 980 1650 augmento,
1018 1583 1079 1632 ut
1119 1583 1171 1632 et
1206 1580 1389 1632 laudes
1421 1584 1474 1632 et
1508 1580 1827 1649 patrimonia
1860 1599 1978 1633 con-

293 1660 597 1724 sequantur,
652 1659 704 1707 et
765 1658 826 1707 ut
879 1655 1145 1708 hereditas
1209 1657 1284 1707 eis
1348 1656 1625 1722 repentina
1684 1656 1978 1722 proveniat.
2004 1676 2066 1709 ατοἸ

293 1729 441 1781 Tunc
480 1730 621 1781 enim
662 1729 874 1781 divitias
915 1732 967 1781 et
1005 1730 1356 1781 maximorum
1391 1729 1859 1782 fundamentorum
1892 1729 1980 1781 do-

292 1803 457 1856 minia
496 1806 899 1871 consequentur.

207 1883 274 1935 13
403 1876 739 1947 [Saturnus
790 1878 853 1929 in
906 1875 1181 1945 Cancro]
1261 1875 1522 1929 Saturnus
1572 1877 1628 1928 in
1681 1875 1883 1928 Cancro
1935 1876 1981 1927 si

291 1953 455 2004 fuerit
495 1953 764 2020 inventuS,
816 1952 871 2002 in
911 1951 1261 2003 seditionibus
1301 1952 1356 2002 in
1396 1951 1568 2003 causis
1609 1953 1662 2002 et
1701 1950 1757 2001 in
1795 1950 1980 2002 multis

293 2026 761 2079 contrarietatibus
802 2025 1226 2092 inplicabuntur,
1274 2025 1365 2092 qui
1405 2026 1481 2076 sic
1520 2043 1639 2077 eum
1680 2023 1980 2092 habuerint,
2005 2046 2064 2078 25·

293 2103 345 2152 et
385 2100 638 2169 quicquid
677 2119 707 2151 a
746 2102 896 2167 patre
936 2099 1021 2150 vel
1061 2119 1091 2151 a
1129 2101 1299 2150 matre
1330 2099 1530 2151 fuerint
1562 2098 1845 2166 consecuti,
1885 2098 1979 2149 mi-

293 2193 406 2226 sera
451 2174 769 2226 laceratione
818 2191 1026 2241 semper
1072 2174 1342 2241 amittunt,
1394 2173 1485 2225 sed
1533 2174 1642 2224 suis
1681 2171 1887 2224 viribus
1928 2174 1980 2223 et

293 2267 388 2301 sua
442 2249 639 2300 virtute
693 2248 979 2299 maximam
1043 2247 1398 2299 substantiam
1454 2249 1865 2315 consequentur,
1927 2248 1980 2296 et

413 2399 434 2436 1
463 2393 597 2436 dabit
621 2395 708 2436 AA
802 2398 826 2434 2
854 2391 1079 2435 dividitur
1101 2406 1213 2436 corr.
1239 2407 1268 2434 v
1360 2396 1384 2434 3
1411 2392 1608 2448 suscipit
1631 2395 1656 2444 ζ
1680 2393 1686 2448 Ι
1716 2389 1978 2447 Scorpionis

293 2453 476 2509 signum
509 2455 548 2496 Δ
645 2456 667 2494 7
700 2450 893 2508 multas]
925 2450 1076 2494 multa
1107 2469 1134 2494 κ
1227 2456 1252 2494 8
1286 2452 1390 2495 add.
1420 2465 1475 2494 κσ
1567 2455 1591 2493 9
1625 2451 1716 2494 nisi
1748 2451 1787 2493 si
1820 2452 1859 2492 Δ

295 2517 345 2554 11
382 2512 470 2555 erit
500 2514 540 2554 Δ
636 2516 687 2553 12
711 2510 974 2553 ‘Saturnum
1005 2510 1222 2553 habuerit
1246 2524 1339 2553 non
1372 2523 1553 2566 semper
1577 2513 1615 2553 Δ
1732 2514 1785 2552 13
1819 2510 1980 2552 contra

293 2574 332 2614 A
377 2574 381 2626 Ι
424 2570 659 2627 praesidia
691 2569 780 2613 sibi
814 2572 852 2612 A
1008 2574 1061 2611 15
1095 2569 1234 2612 amici
1265 2586 1292 2612 κ
1324 2569 1547 2613 tristitiae
1581 2583 1606 2612 σ
1637 2570 1689 2613 cl.
1716 2572 1789 2622 43,
1814 2580 1856 2610 10

296 2635 349 2673 18
382 2629 591 2685 quassati
630 2632 677 2674 Γ
713 2632 718 2684 Ι
760 2641 979 2684 prospere
1019 2629 1123 2686 An]
1164 2641 1386 2683 prospera
1539 2633 1591 2671 19
1633 2629 1882 2683 augmento
1921 2627 1979 2684 N]

295 2691 545 2745 augmenta
573 2691 578 2744 Ι
606 2688 793 2732 laudem
828 2690 901 2743 ΓΙ
930 2689 976 2730 et
1007 2701 1089 2730 om.
1118 2690 1156 2730 A
1279 2691 1334 2729 20
1368 2686 1453 2744 eis]
1487 2687 1528 2730 ei
1561 2704 1587 2730 κ
1598 2691 1622 2738 ζ
1652 2686 1809 2738 (etiam
1843 2687 1883 2742 6)

294 2753 345 2790 21
381 2749 628 2791 fundorum
661 2763 687 2789 a
730 2750 735 2802 Ι
780 2748 826 2790 et
858 2746 1064 2789 dominia
1097 2749 1135 2789 A
1287 2750 1342 2789 23
1376 2747 1536 2790 lemma
1566 2761 1650 2791 om.
1678 2751 1712 2787 Ι)
1741 2746 1746 2800 Ι
1775 2745 1815 2788 si
1839 2743 1980 2787 fuerit

292 2808 505 2850 inventus
538 2821 620 2850 om.
646 2811 681 2848 D
723 2806 992 2860 Quicunque
1016 2805 1266 2847 habuerint
1291 2804 1539 2848 Saturnum
1564 2805 1613 2848 in
1638 2803 1812 2847 Cancro
1836 2807 1875 2844 N

294 2872 348 2909 24
375 2869 421 2910 et
446 2866 494 2908 in
520 2867 572 2923 G]
605 2866 652 2908 in
677 2867 721 2908 Γ
748 2867 794 2908 et
819 2867 857 2907 A
982 2868 1036 2906 25
1069 2863 1118 2905 in
1151 2863 1558 2907 contrarietatibus
1585 2866 1624 2906 A
1658 2861 1978 2906 contrariatio-

295 2925 430 2967 nibus
461 2927 505 2967 Γ
527 2928 532 2979 l
562 2925 641 2979 qui
669 2950 719 2954 —
748 2922 997 2966 habuerint
1029 2936 1111 2965 om.
1142 2924 1188 2965 Γ
