2100 3186
244 147 355 200 204
978 146 1208 191 FIRMICI

245 268 581 321 nuntiatione
622 268 879 338 decernit;
919 286 1050 337 quas
1091 286 1273 321 omnes
1313 268 1513 321 bonum
1552 287 1761 338 semper
1791 268 1935 322 Iovis

245 343 612 396 testimonium
653 343 881 412 mitigat.

191 414 227 468 5
359 415 415 468 Si
446 416 740 469 Mercurius
779 420 1082 485 temporum
1124 415 1371 469 dominus
1402 417 1567 470 fuerit
1597 417 1832 487 effectus,
1871 435 1935 469 ex

245 489 500 543 decennio
550 507 646 542 suo
689 488 803 543 Soli
842 489 971 542 XIX
1012 490 1233 558 deputat
1279 507 1501 544 menses.
1582 489 1713 543 Cum
1754 491 1935 559 itaque

246 563 340 617 Sol
381 564 695 633 deputatum
736 564 838 616 sibi
879 583 909 616 a
946 563 1212 617 Mercurio
1253 567 1466 633 tempus
1506 564 1789 634 acceperit,
1828 583 1934 616 ma·
1983 585 2003 618 5

244 639 391 691 xima
439 639 751 707 patrimonii
802 639 995 691 damna
1041 641 1094 690 et
1140 638 1397 691 maximas
1449 638 1626 691 animo
1680 639 1938 692 sollicitu-

212 767 216 769 Ᾰ
247 712 396 765 dines
437 730 646 781 semper
684 712 885 765 indicit.
1965 709 1969 722 ²

193 785 226 838 6
358 784 415 838 Si
445 786 742 839 Mercurius
780 790 1085 855 temporum
1125 785 1372 838 dominus
1403 786 1567 840 fuerit
1599 787 1833 856 effectus,
1873 806 1937 840 ex

246 860 498 913 decennio
532 878 628 912 suo
661 860 859 913 Veneri
883 858 1017 912 VIII
1050 859 1270 928 deputat
1301 878 1525 913 menses
1590 859 1723 913 Cum
1757 862 1937 929 itaque

245 933 427 987 Venus
479 934 794 1004 deputatum
846 934 948 987 sibi
1000 953 1030 986 a
1075 933 1342 986 Mercurio
1393 938 1605 1003 tempus
1658 936 1935 1004 acceperit,
1961 955 2005 989 10

244 1008 386 1061 bona
433 1009 712 1062 commoda
759 1027 823 1061 ex
871 1009 1084 1060 assidua
1129 1007 1387 1061 felicitate
1435 1009 1691 1078 decernit,
1747 1009 1939 1061 securi-

243 1085 411 1135 tatem
457 1083 596 1151 †vel
641 1086 756 1135 tota
803 1083 982 1151 quiete
1031 1082 1310 1135 commoda
1354 1082 1503 1135 lucra
1549 1102 1648 1153 pro
1689 1100 1938 1135 mensura

246 1158 536 1226 geniturae.

66 1242 207 1284 fot-86*
219 1246 264 1278 ΙΙ
361 1229 417 1283 Si
462 1230 758 1283 Mercurius
809 1233 1115 1300 temporum
1175 1229 1420 1283 dominus
1478 1230 1642 1284 fuerit
1703 1231 1938 1298 effectUS‚

199 1305 228 1357 7
250 1323 315 1357 ex
362 1305 615 1358 decennio
666 1323 761 1357 suo
809 1304 992 1356 Lunae
1031 1303 1186 1357 XXV
1234 1304 1455 1373 deputat
1502 1323 1724 1358 menses,
1804 1304 1937 1357 Cum
1963 1325 2004 1359 15

244 1381 427 1448 itaque
466 1378 619 1431 Luna
659 1379 973 1448 deputatum
1023 1378 1125 1431 sibi
1170 1397 1200 1431 a
1237 1378 1503 1432 Mercurio
1544 1382 1756 1448 tempus
1796 1396 1938 1432 acce-

245 1453 401 1522 perit,
440 1454 700 1506 maximas
741 1452 1100 1523 aegritudines
1141 1455 1194 1504 et
1231 1453 1465 1504 maxima
1502 1453 1823 1523 languorum
1862 1452 1937 1504 vi-

245 1527 323 1579 tia
361 1527 618 1597 decernit3
668 1545 766 1596 pro
813 1527 920 1580 1061
967 1544 1027 1579 66
1075 1525 1214 1598 signi
1261 1529 1453 1579 natura
1500 1527 1565 1579 ad
1603 1526 1787 1580 vitiosi
1825 1527 1938 1579 lan-

246 1602 429 1671 guoris
485 1601 822 1654 incommoda
874 1600 1133 1671 frigidum
1189 1601 1383 1653 mentis
1439 1601 1597 1653 addet
1647 1603 1936 1669 torporem,

246 1675 338 1728 sed
375 1675 506 1728 haec
543 1673 790 1744 Iuppiter
827 1675 969 1727 bono
1012 1693 1218 1743 semper
1255 1675 1565 1728 testimonio
1607 1674 1894 1745 mitigabit.
1960 1696 2004 1728 20

807 1821 1053 1875 xxxix.
1106 1819 1370 1891 [LUNA]

197 1928 224 1980 1
356 1926 538 1979 Lunae
587 1945 798 1996 quoque
838 1926 888 1978 X
935 1944 1196 1979 annorum
1244 1929 1297 1977 et
1342 1924 1420 1978 IX
1451 1926 1715 1978 mensium
1762 1926 1937 1995 spatia

247 2000 572 2071 deferentur3
625 2003 677 2053 et
723 2002 780 2052 in
824 2000 925 2053 1166
963 2000 1144 2068 itaque
1187 2001 1324 2052 sicut
1363 2000 1420 2051 in
1459 2000 1707 2052 omnibus
1747 2001 1935 2053 ceteris

250 2075 434 2144 stellis,
475 2075 655 2127 omnia
694 2075 852 2126 debes
893 2074 1139 2144 diligenti
1170 2075 1376 2126 ratione
1407 2077 1649 2126 tractare.
1716 2073 1802 2126 Ex
1833 2074 1936 2126 1106

246 2150 427 2216 itaque
475 2149 728 2201 decennio
776 2148 928 2200 Luna
975 2147 1190 2200 sibimet
1236 2148 1352 2216 ipsa
1396 2147 1551 2200 XXV
1597 2166 1804 2201 menses
1857 2166 1935 2200 re·
1960 2168 2002 2201 25

248 2226 436 2274 servat.
521 2222 641 2275 Hoc
702 2223 883 2291 itaque
943 2225 1184 2291 tempore
1248 2239 1353 2290 quo
1417 2221 1519 2274 sibi
1579 2222 1732 2274 Luna
1781 2221 1936 2275 XXV

246 2296 511 2349 mensium
559 2297 783 2364 deputat
829 2297 1016 2365 spatia,
1068 2296 1112 2348 si
1160 2296 1230 2348 sit
1277 2296 1353 2347 sic
1398 2297 1576 2364 posita
1622 2298 1683 2347 ut
1727 2296 1935 2348 minuta

364 2416 390 2454 4
424 2411 622 2468 deputat
651 2412 757 2454 XIX
789 2415 867 2454 AB
1014 2415 1038 2454 6
1074 2411 1219 2454 animi
1249 2415 1287 2453 A
1423 2416 1447 2454 9
1483 2410 1595 2454 Cum
1628 2437 1682 2443 —
1718 2415 1772 2454 10
1805 2424 1934 2454 acce-

244 2470 368 2526 perit
395 2471 462 2529 Γ]
509 2471 599 2514 Sed
631 2473 743 2514 tunc
777 2471 931 2515 Venus
965 2473 1004 2514 Δ
1161 2475 1213 2513 12
1246 2469 1319 2513 vel
1349 2471 1452 2514 tota
1485 2469 1641 2525 quiete
1676 2470 1744 2528 Γ]
1778 2470 1934 2514 01111116

245 2530 417 2584 quietis
441 2532 482 2573 Δ
517 2530 714 2574 salutem
740 2529 947 2585 quietem
972 2544 997 2572 σ
1021 2530 1077 2583 cf.
1097 2532 1199 2583 197,
1216 2542 1238 2571 2
1260 2529 1383 2572 vitae
1409 2529 1594 2585 quietae
1619 2532 1643 2580 ζ
1755 2534 1807 2572 17
1837 2543 1933 2571 1116-

243 2589 369 2632 xima
398 2589 746 2646 aegritudinum
771 2591 810 2632 Δ
936 2593 989 2632 18
1023 2588 1083 2631 6(1
1107 2589 1155 2646 κ]
1190 2590 1272 2631 aut
1394 2593 1447 2631 19
1480 2587 1678 2645 frigidus
1703 2590 1743 2631 A
1796 2590 1800 2642 Ι
1851 2588 1934 2630 ad-

245 2648 325 2691 det
350 2651 374 2700 ζ
387 2654 492 2704 post
517 2649 692 2692 Krollii
717 2647 869 2705 addit]
897 2648 1085 2690 adiuvet
1112 2650 1117 2703 Ι
1146 2650 1380 2703 torporem
1403 2648 1450 2705 κ]
1475 2648 1659 2702 tempus
1770 2652 1824 2690 20
1851 2646 1932 2690 sed

244 2707 284 2764 ζ]
311 2709 358 2749 et
396 2710 401 2763 Ι
443 2706 676 2763 mitigarit
699 2722 811 2751 corr.
838 2724 864 2750 κ
897 2710 978 2762 (απ
1002 2707 1206 2750 codicum
1228 2711 1378 2750 textus
1400 2706 1619 2750 tenendus
1643 2707 1811 2750 lacuna
1827 2711 1935 2761 post

242 2765 446 2808 mentis?
476 2771 649 2811 statuta
672 2767 839 2822 respice
863 2767 1116 2810 clausulam
1142 2765 1331 2809 adiuvet
1354 2767 1538 2821 tempus
1563 2767 1601 2820 ζ)
1694 2770 1746 2808 21
1774 2765 1933 2809 lemma

244 2839 325 2868 om.
361 2827 400 2867 A
562 2830 616 2867 22
649 2825 689 2867 Χ
724 2825 833 2868 611111
865 2827 911 2869 et
942 2824 1004 2866 IX
1037 2824 1158 2881 (VIII
1190 2827 1289 2880 AN)
1322 2838 1502 2867 menses
1536 2823 1799 2867 deferentur
1830 2826 1869 2866 A

244 2888 298 2926 23
325 2884 412 2927 hoc
441 2886 487 2927 Γ
602 2890 657 2927 24
684 2884 839 2927 o'mnia
864 2898 946 2928 om.
972 2886 1012 2927 A
1137 2888 1190 2926 25
1216 2883 1341 2925 XXX
1367 2886 1405 2926 A
1523 2887 1576 2925 26
1602 2896 1694 2936 quo
1720 2883 1780 2940 A]
1807 2882 1930 2937 quod

247 2944 294 2985 Γ
345 2945 350 2998 l
408 2945 539 2985 Luna
572 2942 659 2986 sibi
691 2943 817 2986 XXV
848 2955 1027 2985 menses
1061 2942 1257 2998 deputat
1287 2947 1327 2985 A
1451 2946 1504 2984 27
1538 2942 1590 2984 ut
1620 2940 1731 2999 A‘B]
1768 2943 1814 2984 et
1845 2944 1931 2984 AG
