2038 3162
388 499 864 563 APPENDIX
909 499 1587 564 PRAEFATIONIS.

323 657 622 703 Lectiones
653 657 844 702 variae
877 656 1089 703 codicis
1119 651 1182 702 N
1214 658 1272 701 et
1303 656 1570 702 editionis
1602 668 1654 704 α.

217 773 292 822 De
337 772 744 822 adnotationibus
787 788 964 820 manus
1006 775 1052 820 2.
1086 772 1268 820 codicis
1311 775 1365 820 N
1406 772 1533 820 nihil
1575 772 1841 835 afferimus,

143 847 239 896 nisi
278 863 389 896 cum
429 846 620 910 aliquid
660 846 782 895 utile
822 846 1073 909 praebeat.
1122 846 1221 894 Ubi
1261 845 1320 894 de
1360 846 1435 895 dis
1476 847 1555 895 vel
1596 846 1655 894 de
1695 847 1840 897 rebus

143 921 435 971 caelestibus
477 921 724 969 similibus
767 923 957 985 agitur,
999 936 1192 969 crucem
1234 922 1288 968 in
1326 922 1552 984 margine
1592 921 1841 985 adpinxit3

143 995 337 1058 eadem,
376 998 435 1044 ut
474 995 668 1044 animae
708 1011 826 1044 suae
867 995 1019 1043 saluti
1058 996 1276 1057 caveret,
1318 1010 1554 1058 persaepe
1595 997 1733 1058 deus,
1774 997 1842 1057 di,

142 1071 249 1120 sim.
288 1071 341 1118 in
377 1074 596 1131 sanctim,
638 1071 797 1118 sancti
835 1071 1060 1119 correxit.
1115 1069 1301 1118 Multas
1343 1086 1452 1118 eam
1483 1071 1720 1118 lectiones
1753 1073 1842 1119 aut

144 1162 202 1194 ex
227 1159 265 1193 α
298 1147 385 1193 aut
417 1161 474 1193 ex
497 1145 635 1192 fonte
661 1146 766 1192 eius
790 1144 1012 1193 hausisse
1044 1144 1178 1192 infra
1201 1144 1478 1207 apparebit.
1525 1143 1624 1192 Ubi
1656 1145 1841 1208 siglum

142 1235 239 1268 non
273 1219 586 1280 adscribitur,
617 1222 671 1267 N
702 1218 970 1282 significari
1003 1220 1140 1267 scito.

213 1301 358 1346 IULII
381 1300 609 1345 FIRMICI
632 1299 917 1344 MATERNT.
942 1299 1221 1345 IVNIORIS.
1239 1300 1294 1345 V.
1313 1299 1359 1344 C.
1378 1300 1708 1345 LIBRORVM.
1727 1300 1838 1344 MA-

141 1360 423 1405 THESEOS.
457 1360 638 1404 LIBER
676 1359 915 1404 PRIMVS.
949 1359 1031 1403 AD
1071 1359 1444 1404 MAVORTIVM
1485 1359 1839 1405 LOLLIANUM

139 1423 268 1507 inciss
353 1449 379 1493 1
398 1462 421 1493 4
452 1449 648 1494 diurnae
686 1449 951 1493 constantia
1042 1461 1084 1494 10
1115 1448 1286 1492 merita
1303 1475 1358 1482 —
1375 1448 1632 1493 nobilitant
1664 1451 1738 1508 (cf.
1767 1448 1837 1506 A‘)

128 1507 183 1554 Δ18
208 1509 266 1554 de
291 1510 369 1554 alt.
396 1523 479 1554 om.
543 1521 585 1553 2ο
611 1508 668 1553 de
691 1510 774 1552 tot.
803 1508 890 1553 Sic.
917 1509 1012 1552 situ
1035 1510 1109 1566 (Ξ
1126 1512 1181 1566 V)
1244 1521 1287 1553 21
1312 1508 1537 1553 oriundus
1608 1508 1638 1552 2
1654 1523 1677 1553 4
1701 1522 1836 1566 sopo-

139 1571 247 1613 rata
321 1581 342 1613 5
372 1569 624 1627 undarum]
656 1568 877 1612 horarum
952 1581 972 1613 6
1005 1570 1142 1612 etnae
1218 1581 1239 1612 8
1272 1567 1471 1612 anhelen
1543 1581 1564 1613 9
1597 1567 1839 1612 simethini

141 1631 214 1686 (=
231 1631 285 1686 V)
348 1641 390 1673 12
421 1628 655 1672 obarescit
682 1629 688 1684 1
717 1627 923 1672 conuitio
986 1639 1028 1672 15
1061 1628 1118 1671 de
1142 1641 1227 1672 om.
1256 1636 1263 1684 Ι
1291 1627 1664 1672 ammirabilibus
1690 1629 1763 1684 (=
1781 1630 1834 1684 V)

142 1701 183 1734 16
223 1701 437 1744 spaeram
521 1701 562 1732 17
602 1701 861 1732 sermonem
953 1699 994 1731 22
1034 1687 1299 1742 quotidiani
1420 1687 1486 1732 36
1530 1686 1840 1744 compositam

143 1761 184 1792 12
222 1746 393 1804 aliquit
483 1759 525 1792 13
556 1746 781 1804 Aegyptii
872 1759 914 1790 19
944 1746 1297 1803 permitteretur
1388 1760 1429 1791 22
1466 1746 1633 1806 totius]
1673 1749 1840 1804 postea

140 1805 172 1851 4
188 1821 208 1852 2
233 1805 423 1863 suptilis
484 1818 504 1851 8
527 1805 754 1850 mathesis
811 1819 834 1851 4
856 1806 1079 1850 turbaren
1106 1805 1282 1863 agressi
1345 1820 1386 1851 11
1411 1805 1500 1864 his]
1526 1806 1584 1850 iis
1648 1819 1691 1851 16
1716 1805 1838 1866 (in)

139 1866 255 1923 ipsis
309 1879 350 1910 17
375 1866 745 1924 contradicendi]
773 1865 1102 1909 contemnendi
1157 1878 1198 1910 18
1231 1864 1473 1910 solicitant
1526 1878 1568 1911 21
1600 1865 1839 1910 resistitur

144 1926 150 1984 Ι
170 1926 249 1993 Η1]
274 1925 311 1969 11
328 1931 369 1970 ct
389 1926 456 1971 sic
478 1939 649 1982 semper
664 1927 757 1980 fere
810 1938 998 1981 nanque
1053 1925 1124 1984 ac]
1148 1927 1196 1968 et
1250 1924 1504 1982 suptilibus
1567 1938 1611 1970 24
1633 1925 1838 1982 irrepere

139 1997 183 2029 30
214 1988 275 2029 sit
298 1985 403 2042 ipsa
427 1985 470 2028 d.
495 1987 692 2029 naturae
754 1984 783 2029 5
802 1997 823 2030 ³
854 1999 948 2028 non
971 1998 1055 2029 om.
1118 1997 1139 2029 6
1172 1983 1290 2044 (et)
1317 1984 1510 2041 longum
1572 1997 1590 2029 7
1625 1984 1837 2042 aggressi

139 2057 160 2088 8
185 2044 303 2103 (et)
328 2043 412 2088 alii
438 2046 510 2101 (=
521 2046 575 2101 V)
630 2056 650 2090 9
675 2045 920 2102 assignant
973 2056 1015 2088 13
1042 2043 1100 2087 ab
1125 2058 1209 2088 om.
1266 2057 1310 2088 14
1333 2046 1640 2099 asserantque
1666 2046 1739 2101 (=
1751 2046 1836 2100 Vv)

141 2115 182 2148 15
214 2103 407 2160 quidam
489 2116 532 2148 16
564 2103 622 2148 de
659 2103 785 2147 imm.
821 2117 893 2147 an.
928 2107 1001 2158 (=
1018 2105 1072 2158 V)
1158 2116 1199 2147 18
1239 2103 1474 2147 contraria
1514 2117 1569 2148 ac
1608 2103 1699 2147 sibi
1739 2117 1834 2159 rep.

141 2176 183 2208 26
215 2162 367 2207 cuntis
429 2175 470 2207 27
502 2176 740 2207 recensere
802 2175 843 2207 28
875 2168 1083 2207 omnium
1152 2163 1181 2206 6
1200 2175 1220 2206 8
1252 2163 1460 2206 dicentes
1485 2177 1570 2207 om.
1626 2162 1836 2207 misturis

141 2235 181 2266 11
206 2221 495 2279 germaniam
521 2235 575 2265 ac
599 2222 797 2266 traciam
843 2235 887 2266 14
909 2222 1086 2278 Iupiter
1102 2223 1175 2278 (=
1186 2224 1240 2279 V)
1296 2235 1337 2267 16
1362 2222 1582 2266 honestos
1634 2235 1676 2266 2ο
1700 2236 1837 2279 prae-

139 2281 370 2340 valentes]
388 2280 641 2338 preliantes
697 2295 739 2326 22
762 2281 979 2325 immanis
1007 2285 1014 2336 Ι
1043 2282 1310 2325 crassantur
1363 2293 1404 2326 25
1429 2281 1678 2325 luxuriosis
1704 2297 1738 2326 8.
1756 2282 1833 2325 Α8.

139 2340 314 2398 volupt.
378 2353 420 2386 26
452 2343 500 2384 et
530 2342 631 2386 hab.
695 2353 735 2385 27
768 2340 1012 2398 mitigabit
1042 2340 1217 2397 iupiter
1281 2341 1303 2385 7
1322 2353 1342 2385 s
1375 2342 1605 2397 syriorum
1665 2354 1686 2385 8
1717 2355 1835 2385 mer-

141 2400 295 2444 curius
323 2403 329 2456 Ι
357 2401 574 2444 exacutet
628 2401 846 2445 sinterea
900 2413 941 2444 13
959 2399 1226 2444 scribuntur
1280 2413 1320 2444 17
1346 2414 1507 2444 secure
1561 2413 1603 2445 18
1630 2400 1836 2445 ascribat

142 2471 183 2504 19
214 2458 504 2516 irreligiosus
535 2462 653 2504 talia
684 2474 778 2503 non
802 2461 898 2504 iam
929 2460 1098 2504 adnoto
1159 2473 1200 2504 21
1233 2459 1499 2516 sullimique
1561 2472 1603 2503 27
1636 2460 1835 2516 compri-

139 2533 242 2561 mus
304 2518 371 2563 85
404 2518 636 2563 delectum
661 2521 735 2575 (=
751 2522 804 2574 V)
860 2532 880 2563 8
904 2518 1144 2575 praestitit
1206 2531 1225 2562 9
1259 2520 1465 2577 sanctas]
1492 2521 1613 2563 scffis
1676 2532 1718 2563 12
1744 2518 1836 2562 8111-

141 2578 241 2635 cus]
267 2577 420 2621 cultus
447 2581 517 2634 (=
529 2580 583 2634 V)
640 2591 682 2623 13
706 2578 878 2622 olivam
902 2579 951 2621 in
976 2577 1125 2621 aciem
1180 2590 1221 2622 18
1245 2578 1448 2636 refringe
1474 2580 1547 2635 (=
1565 2581 1619 2634 V)
1675 2591 1718 2623 23
1742 2578 1838 2622 iam

141 2651 224 2681 om.
280 2649 322 2681 29
346 2637 459 2696 PR]
483 2639 715 2693 pretorem
778 2638 843 2682 99
873 2636 1254 2694 sillogisimorum
1281 2640 1419 2694 (cflV)
1475 2651 1515 2682 11
1542 2637 1837 2682 constrictius

141 2708 183 2740 16
214 2710 305 2751 que
330 2710 413 2740 om.
469 2709 511 2740 18
536 2697 631 2741 alia
685 2709 725 2742 21
749 2696 1128 2753 minutarumque
1191 2709 1232 2741 27
1262 2699 1382 2754 cum]
1408 2699 1565 2740 tamen
1614 2697 1835 2740 debemus

144 2755 239 2799 101
269 2755 484 2798 omnibus
509 2755 873 2800 refutationibus
933 2769 956 2800 4
985 2755 1205 2799 mathem.
1233 2756 1331 2799 veh.
1395 2769 1414 2800 6
1448 2755 1604 2812 coepit
1665 2768 1707 2800 16
1738 2769 1837 2799 ma-

140 2812 312 2858 thesim
370 2827 410 2859 17
434 2815 822 2871 promissionibus
884 2828 924 2859 21
951 2814 1287 2859 obumbrantur
1347 2828 1390 2859 24
1415 2815 1513 2858 eius
1538 2829 1622 2859 om.
1686 2827 1729 2859 28
1752 2814 1837 2858 ha-

140 2873 254 2917 bent
317 2873 375 2917 11
397 2887 415 2917 1
446 2874 747 2930 proferuntur
808 2887 826 2918 7
851 2873 1041 2918 inscitia
1103 2886 1122 2918 9
1148 2874 1366 2918 vendicat
1420 2887 1462 2918 14
1486 2873 1585 2917 eius
1611 2874 1834 2918 scientiae

145 2932 409 2988 {deterrent
432 2947 517 2978 om.
580 2945 621 2977 15
646 2947 781 2977 verae
844 2946 884 2978 17
919 2933 980 2976 sit
1007 2933 1147 2990 ignea
1209 2946 1250 2977 28
1283 2933 1591 2978 dissolutione
1615 2932 1835 2991 <temeri-

140 2990 276 3049 tate)
354 3003 396 3035 81
430 2993 744 3036 constantiam
837 2991 897 3037 12
917 3007 935 3036 1
966 2993 1212 3051 putantur]
1246 2995 1354 3036 sunt
1390 2994 1612 3036 curantur
1687 3005 1725 3036 21
1761 3006 1834 3036 ex-
