2066 3192
264 133 366 187 106
673 167 677 171 ‹
989 134 1219 180 FIRMICI

258 255 352 308 riis
394 255 673 308 constituti
712 255 846 310 locis
884 255 1047 326 longa
1079 275 1133 309 se
1165 256 1393 309 invicem
1424 257 1695 309 radiorum
1728 275 1944 310 suorum

258 332 522 398 potestate
560 330 911 399 pulsaverint,
950 330 1183 400 primum
1223 330 1436 399 quidem
1476 334 1834 384 maternarum
1872 332 1947 384 fa-

259 404 516 457 cultatum
554 404 760 457 faciunt
797 404 1108 457 labefactari
1148 405 1519 474 substantiam,
1559 405 1648 458 sed
1690 408 1743 458 et
1773 407 1945 474 ipsam

259 481 483 531 matrem
522 479 668 531 varia
709 478 954 532 dolorum
994 483 1046 532 et
1083 479 1366 532 latentium
1398 480 1792 550 aegritudinum
1825 498 1946 533 con-

257 551 556 606 tinuatione
603 552 906 621 debilitant,
954 557 1046 606 aut
1093 573 1209 607 eam
1255 555 1292 621 ’ξ-
1310 572 1676 622 perversorum
1723 554 1947 607 tristitia
1991 575 2012 608 5

169 625 242 677 20
259 645 465 696 semper
504 627 799 680 involvunt.
877 626 1076 690 Quodsi
1123 628 1188 680 ab
1235 628 1320 680 his
1363 628 1731 681 benivolarum
1771 631 1946 681 stella-

179 744 183 747 .
256 720 374 754 rum
414 701 692 754 recesserit
730 702 932 771 radius,
976 705 1029 754 et
1067 701 1133 754 ab
1176 702 1320 755 omni
1359 702 1672 755 salutarium
1713 702 1946 755 siderum

255 774 457 828 fuerint
510 775 818 828 testimonio
873 776 1144 846 destituti,
1204 780 1332 829 tunc
1385 780 1609 829 matrem
1663 777 1946 829 inhonesta

257 849 492 920 corporis
532 850 809 919 turpitudo
844 851 1136 920 dedecorat,
1177 854 1229 903 et
1269 870 1384 904 eam
1425 851 1649 904 assiduis
1691 851 1945 904 incursio-

254 924 414 977 nibus
466 925 657 978 damna
707 925 1035 978 concutiunt.
1115 925 1217 979 Sed
1270 929 1321 977 et
1369 925 1502 994 ipsis
1549 927 1696 978 varia
1741 926 1944 995 pericu·
1970 949 2012 980 10

254 998 429 1051 lorum
463 999 769 1052 discrimina
801 1018 1010 1068 semper
1036 1001 1337 1070 insurgunt.
1403 999 1506 1052 Sed
1529 999 1659 1053 haec
1685 999 1944 1053 Saturnus

167 1071 234 1124 21
256 1075 310 1125 et
354 1073 505 1126 Luna
550 1092 647 1143 pro
696 1075 971 1143 signorum
1018 1074 1273 1127 varietate
1322 1075 1624 1127 decernunt.
1700 1074 1842 1127 Nam
1888 1075 1945 1128 in

256 1147 687 1218 quadrupedibus
743 1147 910 1219 signis
966 1148 1011 1201 si
1062 1149 1385 1201 constitutus
1435 1167 1572 1201 unus
1623 1149 1786 1202 alium
1837 1149 1945 1201 dia-

253 1225 423 1275 metra
460 1223 754 1276 radiatione
785 1223 1093 1292 respexerit,
1133 1241 1198 1275 ex
1229 1223 1426 1276 talibus
1458 1223 1778 1276 animalibus
1809 1223 1945 1292 peri-

256 1297 496 1349 culorum
545 1297 830 1351 discrimen
875 1297 1106 1350 affertur.
1186 1296 1244 1350 Si
1282 1315 1405 1350 vero
1453 1296 1510 1349 in
1551 1297 1736 1351 ferinis
1776 1298 1944 1369 signis
1970 1318 2010 1352 15

91 1380 266 1424 sot-7³01
289 1372 568 1424 constituti
615 1372 718 1424 ista
764 1390 819 1424 se
865 1372 1158 1425 radiatione
1197 1371 1540 1442 respexerint,
1591 1390 1655 1425 ex
1694 1373 1821 1425 feris
1861 1374 1946 1426 vel

253 1445 441 1498 bestiis
487 1445 571 1499 vel
620 1464 684 1498 ex
731 1447 1006 1499 venenatis
1055 1446 1381 1515 serpentium
1421 1447 1685 1500 morsibus
1726 1447 1945 1499 maximi

251 1520 477 1588 periculi
525 1523 845 1589 conparatur
891 1521 1126 1573 exitium.
1205 1519 1264 1573 Si
1309 1539 1433 1574 vero
1481 1521 1536 1572 in
1582 1520 1831 1573 humanis
1878 1521 1944 1573 si—

253 1595 373 1664 gnis
412 1595 516 1648 hoc
556 1595 696 1664 quod
738 1595 968 1648 diximus
1002 1596 1322 1648 diametrum
1353 1595 1531 1664 fuerit,
1562 1614 1626 1648 ex
1664 1595 1943 1648 hominum

165 1667 235 1718 22
253 1669 459 1721 insidiis
510 1669 716 1721 varium
767 1669 1084 1722 calamitatis
1135 1669 1348 1739 exurgit
1399 1670 1635 1722 exitium.
1714 1668 1771 1722 Si
1818 1688 1942 1722 vero
1969 1691 2011 1723 20

252 1744 307 1795 in
356 1745 570 1811 aquosis
619 1743 786 1812 signis
834 1744 1114 1796 constituti
1161 1744 1337 1796 radios
1386 1762 1508 1796 suos
1557 1743 1813 1797 diametra
1853 1744 1943 1797 ob-

254 1818 541 1870 stinatione
595 1818 948 1887 pulsaverint,
1004 1837 1068 1870 ex
1121 1836 1379 1886 aquarum
1434 1817 1942 1887 <in>undationibus

254 1895 345 1944 aut
392 1911 456 1943 ex
503 1892 752 1962 malignis
798 1892 1113 1945 humoribus
1160 1893 1414 1944 miserum
1461 1892 1797 1961 pestilentiae
1841 1893 1942 1944 dis-

255 1966 454 2019 crimen
503 1966 755 2034 adfertur,
807 1970 859 2019 et
905 1968 950 2019 si
996 1969 1204 2019 nullum
1251 1967 1619 2019 benivolarum
1667 1969 1942 2020 stellarum

253 2040 578 2109 praesidium
610 2040 833 2094 minacis
864 2041 1176 2093 radiationis
1207 2041 1428 2111 fregerit
1458 2044 1793 2110 potestatem,
1834 2059 1942 2094 om·
1967 2062 2007 2095 25

373 2175 542 2225 2,167
567 2175 628 2216 28
666 2170 750 2228 τὴν
790 2171 1014 2246 μητρικὴν
1046 2169 1321 2226 περιουσίαν
1358 2171 1511 2216 ὄλλυσι
1541 2172 1622 2215 καὶ
1654 2172 1770 2230 αὐτῇ
1804 2172 1854 2216 δὲ
1886 2179 1940 2243 τῇ

254 2231 387 2287 μητρὶ
420 2232 651 2284 κρυπτοὺς
682 2229 855 2282 πόνους
887 2229 1094 2286 δίδωσιν,
1126 2229 1153 2287 ἢ
1195 2231 1452 2286 δύστροπος
1491 2230 1616 2275 ἔσται
1657 2189 1770 2275 καὶῃ
1775 2230 1939 2286 λυπρά.

254 2290 295 2334 εἰ
335 2288 385 2334 δὲ
419 2290 479 2346 μὴ
518 2288 812 2347 ἀγαθοποιὸς
852 2290 943 2364 ἴδῃ,
984 2291 1142 2335 δεινὸν
1182 2291 1232 2334 τὸ
1274 2298 1425 2347 σχῆμα
1456 2290 1649 2346 περὶτὰ
1690 2290 1938 2346 σωματικά.

254 2351 344 2405 (11)
378 2347 601 2394 κίνδυνον
634 2349 719 2405 γὰρ
755 2347 968 2405 σημαίνει
999 2350 1118 2394 κατὰ
1148 2349 1234 2405 τὴν
1265 2357 1357 2394 τῶν
1389 2347 1567 2407 ζῳδίων
1596 2349 1758 2404 φύσιν·
1792 2350 1833 2394 εἰ
1857 2350 1939 2405 μὲν

255 2408 304 2452 ἐν
351 2407 666 2463 τετραπόδοις,
714 2411 763 2453 ἐκ
811 2407 1121 2464 τετραπόδων,
1165 2410 1206 2452 εἰ
1245 2408 1296 2452 δὲ
1339 2409 1388 2453 ἐν
1424 2410 1724 2464 θηριωδεσιν,
1766 2408 1816 2453 ἐκ
1846 2417 1938 2452 τῶν

254 2465 446 2522 ὁμοίων·
488 2470 578 2524 (20)
613 2468 653 2511 εἰ
684 2466 734 2512 δὲ
770 2468 818 2512 ἐν
850 2468 1122 2524 καθύγροις,
1156 2468 1205 2512 ἐκ
1236 2476 1327 2511 τῶν
1360 2467 1544 2512 ὑδάτων
1577 2466 1605 2524 ἢ
1637 2466 1937 2525 κακοχυμίας.

253 2526 293 2570 εἰ
326 2525 375 2570 δὲ
411 2527 470 2583 μὴ
504 2533 628 2584 παρῇ
661 2526 878 2585 βοήθεια,
910 2528 990 2571 καὶ
1023 2526 1219 2572 σίνεται·

371 2650 396 2688 2
430 2646 723 2689 aeternarum
756 2647 795 2689 Δ
948 2650 973 2686 5
1007 2659 1107 2689 eam
1140 2645 1262 2703 ΑΝ]
1296 2647 1394 2688 tam
1436 2647 1442 2701 Ι
1483 2659 1699 2701 perversa
1739 2645 1885 2688 animi
1918 2647 1941 2698 ζ

253 2708 278 2747 8
310 2704 603 2748 inhonestam
628 2707 667 2748 Δ
793 2709 845 2747 13
879 2704 918 2747 si
950 2706 990 2762 ζ]
1025 2704 1090 2748 sic
1121 2707 1237 2760 (post
1269 2704 1549 2748 constitutus
1582 2706 1686 2748 add.
1717 2704 1756 2747 si
1781 2704 1848 2760 A')

254 2766 308 2805 14
341 2777 395 2806 ex
420 2764 465 2822 a]
492 2765 539 2806 et
662 2767 714 2806 15
748 2763 966 2807 afferatur
994 2766 1040 2807 Γ
1073 2766 1077 2819 Ι
1121 2763 1280 2807 ferinis
1308 2764 1350 2820 6]
1375 2763 1612 2807 femininis
1645 2764 1700 2818 cf.
1731 2764 1875 2808 Catal.

253 2826 304 2864 17
340 2822 625 2878 serpentium
658 2823 756 2880 BN]
791 2824 1058 2878 serpentum
1180 2827 1233 2866 18
1268 2822 1473 2865 exitium.
1515 2822 1566 2865 In
1590 2822 1805 2865 humanis
1830 2836 1935 2865 vero

251 2880 396 2936 signis
430 2884 468 2924 Δ
624 2886 678 2923 22
711 2882 817 2925 add.
852 2897 878 2923 a
1030 2887 1084 2924 25
1117 2881 1288 2924 minaci
1319 2881 1583 2925 radiatione
1615 2881 1668 2924 fr.
1701 2883 1935 2937 potestate

248 2953 361 2983 corr.
397 2940 455 2981 1³²
