2066 3192
279 154 351 204 44
1011 154 1238 198 FIRMICI

280 293 409 327 num
451 278 754 345 quicunque
792 275 1079 328 habuerint
1117 275 1174 326 in
1211 274 1453 343 partibus
1494 275 1696 328 scilicet
1733 277 1969 345 tropiciS,

282 350 454 402 omnis
477 368 659 404 eorum
682 349 986 402 substantia
1007 351 1059 400 et
1081 366 1237 401 omne
1257 349 1428 400 fatum
1450 349 1662 401 assidua
1680 349 1970 404 deiectione

280 424 588 477 mutabitur.
658 423 799 476 Nam
840 423 1299 491 quotienscunque
1339 422 1404 474 ad
1443 441 1709 475 summum
1745 424 1968 493 gradum

279 497 552 550 felicitatis
598 498 938 566 accesserint,
976 496 1174 549 totiens
1223 496 1495 565 deceptiva
1535 514 1848 566 quacunque
1891 514 1970 549 ra-

280 571 425 624 tione
471 572 739 638 labuntur,
793 574 846 623 et
899 570 1103 623 tamdiu
1159 570 1577 623 infortuniorum
1625 571 1969 641 inaequalita-
2017 595 2036 627 5

280 645 425 697 tibus
472 646 816 713 tenebuntur,
867 644 1120 713 quamdiu
1158 644 1466 714 (primum)
1513 663 1697 699 cursus
1745 645 1828 698 sui
1874 647 1970 698 cir-

280 718 458 771 culum
514 719 775 773 Saturnus
830 718 1139 787 inpleverit,
1201 718 1285 771 vel
1340 719 1594 786 quamdiu
1649 722 1968 788 potestatem

190 793 262 846 45
281 793 365 844 sui
410 795 669 862 temporis
721 793 1033 863 erogaverit.
1112 791 1274 845 Ibunt
1313 795 1489 844 autem
1529 811 1625 861 per
1662 793 1792 846 haec
1829 795 1970 846 vitae

281 867 610 935 discrimina,
665 867 920 937 quamdiu
978 865 1238 919 Saturnus
1295 865 1545 920 Geminos
1602 866 1970 937 Cancrumque

278 942 561 994 transierit.
624 942 799 995 Erunt
838 959 962 994 sane
1002 940 1136 993 tales
1175 944 1236 992 ut
1269 943 1549 1009 sperentur-
1577 941 1774 994 habere
1805 942 1969 994 maxi-
1994 965 2036 998 10

278 1035 364 1068 ma
404 1016 641 1069 subsidia
678 1016 1009 1083 facultatum,
1049 1015 1141 1067 sed
1178 1015 1317 1067 nihil
1349 1033 1603 1085 magnum
1635 1015 1689 1067 in
1723 1016 1968 1084 deposito

281 1110 305 1138 *
327 1110 352 1139 ῆι
374 1111 398 1138 *
419 1110 443 1138 ,ᾳ
465 1111 517 1158 *,
558 1091 650 1143 sed
688 1090 944 1142 habentes
985 1089 1291 1142 divitiarum
1325 1090 1631 1158 opinionem
1665 1089 1969 1143 domesticis

280 1165 540 1235 angustiis
581 1165 915 1234 deteruntur3
954 1167 1177 1233 paterna
1213 1163 1376 1215 etiam
1417 1181 1600 1216 eorum
1641 1167 1696 1216 et
1729 1167 1971 1217 materna

280 1239 580 1292 substantia
627 1239 988 1307 dissipabitur.
1067 1236 1170 1290 Sed
1222 1241 1274 1291 et
1324 1237 1575 1306 quicquid
1627 1240 1970 1308 susceperint,

278 1314 380 1366 hoc
426 1316 666 1383 tempore
713 1313 861 1366 varia
906 1312 1112 1365 ratione
1151 1312 1458 1380 deperdunt,
1507 1315 1560 1364 et
1600 1330 1811 1365 omnem
1851 1313 1970 1366 sub-
1994 1335 2035 1368 15

189 1389 260 1441 46
280 1388 531 1441 stantiam
580 1389 835 1440 minuent.
913 1387 1089 1440 Erunt
1144 1387 1305 1438 etiam
1351 1387 1408 1440 in
1450 1387 1968 1456 peregrinationibus

277 1462 400 1531 <et>
454 1463 509 1514 in
563 1461 985 1532 aegritudinibus
1041 1461 1341 1529 constituti,
1396 1464 1448 1513 et
1501 1460 1775 1513 habebunt
1827 1462 1970 1514 vitae

278 1536 586 1589 discrimina
618 1541 669 1589 et
701 1535 765 1587 V.
799 1539 851 1588 et
881 1534 999 1588 VII.
1032 1539 1085 1588 et
1115 1534 1205 1587 IX.
1239 1535 1428 1588 aetatis
1462 1536 1627 1604 anniS,
1658 1535 1968 1604 praesertim

279 1629 398 1663 cum
449 1610 551 1663 iste
601 1629 862 1663 annorum
911 1629 1165 1662 numerus
1215 1609 1518 1678 triplicatus
1567 1610 1742 1662 fuerit.
1821 1610 1969 1662 Tunc

279 1686 419 1737 enim
458 1685 683 1755 <erunt>
722 1685 778 1736 in
817 1684 1241 1754 aegritudinibus
1281 1684 1337 1735 in
1377 1683 1581 1736 damnis
1622 1684 1677 1736 in
1708 1684 1879 1737 turbis
1913 1684 1969 1736 in
1993 1707 2036 1739 20

280 1759 552 1812 doloribus
595 1759 652 1811 in
689 1758 912 1811 iniuriis,
990 1758 1165 1811 Erunt
1205 1758 1364 1810 etiam
1405 1757 1651 1810 maximis
1691 1757 1969 1810 infelicita-

279 1834 424 1886 tibus
466 1833 706 1901 demersi,
745 1833 849 1884 nisi
888 1833 1088 1886 fuerint
1117 1832 1485 1884 benivolarum
1517 1834 1788 1885 stellarum
1820 1850 1967 1902 prae-

279 1907 414 1960 sidio
455 1908 732 1960 sublevati.
803 1907 952 1959 Tunc
992 1907 1132 1959 enim
1173 1909 1330 1959 erunt
1368 1906 1660 1958 infortunia
1690 1910 1820 1960 tunc
1851 1925 1967 1977 ege-

281 1985 442 2035 states
453 2023 466 2049 ,
528 1985 807 2049 ceteraque
863 1981 1042 2034 omnia
1096 1999 1230 2048 quae
1286 1980 1538 2047 diximUS,
1601 1981 1646 2032 si
1698 1983 1966 2033 nullarum

277 2057 678 2125 <benivolarum
719 2058 1030 2123 stellarum>
1075 2054 1399 2124 praesidium
1438 2055 1664 2107 istorum
1704 2055 1966 2107 malorum
1991 2077 2033 2109 25

277 2132 538 2199 impetum
576 2131 810 2200 fregerit.
886 2129 1113 2182 Tamdiu
1153 2132 1330 2181 autem
1369 2132 1524 2181 erunt
1569 2130 1625 2180 in
1671 2128 1754 2180 his
1799 2128 1967 2197 maliS,

280 2205 533 2273 quamdiu
579 2204 697 2257 loca
744 2222 838 2256 sua
886 2203 1144 2257 Saturnus
1184 2204 1455 2274 ingressus
1495 2203 1561 2254 ad
1601 2203 1844 2255 dextrum
1883 2223 1966 2256 ve-

191 2281 258 2331 47
278 2280 418 2331 nerit
463 2279 750 2348 trigonum.
830 2277 933 2331 Sed
981 2277 1317 2330 omnifariam
1366 2276 1421 2328 in
1471 2276 1795 2346 Capricorno
1845 2295 1966 2330 con-

280 2354 499 2404 stitutus
539 2370 659 2404 cum
699 2353 764 2404 ad
807 2351 1056 2405 Geminos
1097 2355 1150 2404 et
1189 2351 1255 2404 ad
1297 2349 1556 2404 Cancrum
1595 2353 1816 2417 venerit,
1859 2370 1966 2404 om-

401 2549 421 2585 1
457 2543 706 2586 habuerint
739 2543 789 2600 0]
823 2542 1039 2586 habuerit
1138 2547 1165 2583 4
1198 2541 1444 2584 accesserit
1475 2544 1514 2584 A
1609 2547 1633 2583 5
1667 2541 1889 2584 labuntur
1919 2542 1962 2598 a]

280 2601 562 2645 laborabunt
601 2605 639 2645 Δ
687 2602 904 2645 laborant
936 2606 972 2644 A
1018 2601 1290 2644 laborantur
1328 2605 1450 2643 BOG
1492 2603 1497 2657 Ι
1541 2600 1724 2643 tamdiu
1755 2600 1827 2658 A']
1866 2602 1964 2643 tam

280 2661 446 2704 divites
599 2666 623 2703 6
657 2662 762 2705 add.
791 2663 873 2704 GA
1038 2666 1088 2703 11
1125 2659 1310 2715 deposit
1341 2663 1380 2701 N
1541 2664 1593 2702 12
1629 2659 1904 2716 (habeant)
1938 2676 1963 2701 κ

281 2719 587 2778 (servantes)
622 2734 647 2762 σ
690 2724 695 2775 Ι
740 2720 836 2777 sed]
873 2722 919 2762 et
951 2738 977 2763 κ
1110 2724 1161 2761 13
1188 2718 1462 2762 deteruntur
1489 2719 1555 2775 Γ]
1590 2718 1900 2761 decernuntur
1924 2720 1963 2761 Δ

283 2784 336 2821 14
378 2779 631 2834 susceperit
666 2782 702 2822 Δ
858 2783 909 2822 17
952 2779 1056 2822 add.
1085 2783 1118 2819 G
1272 2781 1324 2820 19
1359 2777 1486 2820 Tunc
1523 2777 1588 2834 Γ]
1621 2776 1757 2819 Nunc
1789 2779 1875 2819 AG

281 2842 336 2880 20
362 2838 467 2881 add.
494 2842 518 2890 ζ
623 2844 679 2881 21·
702 2838 844 2881 etiam
869 2839 1004 2881 erunt
1032 2840 1077 2881 Γ
1185 2841 1239 2880 22
1271 2836 1362 2879 nisi
1394 2837 1452 2894 A]
1481 2835 1518 2879 si
1549 2838 1593 2879 Γ
1615 2838 1620 2891 Ι
1648 2835 1966 2878 benivolarum

281 2896 518 2940 stellarum
551 2911 633 2940 om.
658 2900 702 2940 Γ
817 2901 871 2940 25
903 2899 1049 2953 suppl.
1077 2898 1118 2953 σ]
1155 2894 1467 2955 (stellarum)
1508 2911 1534 2937 ο,
1562 2897 1568 2950 Ι
1596 2893 1739 2938 istum
1777 2912 1804 2937 κ
1833 2896 1838 2950 Ι
1866 2907 1963 2936 ma—

280 2956 428 2999 lorum
454 2957 511 3014 A]
547 2955 867 2999 malivolorum
897 2958 942 2999 Γ
1058 2960 1112 2998 26
1138 2954 1330 3011 fregerit
1354 2955 1582 3011 impetum
1608 2956 1646 2998 Δ
1674 2959 1728 2997 29
1755 2955 1820 3011 etr]
1846 2953 1918 2996 vel
1942 2956 1966 3005 ζ
