2090 3198
247 141 358 194 344
981 139 1210 184 FIRMICI

246 279 475 330 cumque
526 260 813 314 habuerint
867 262 1240 330 horoscopum,
1287 260 1332 313 si
1378 260 1673 313 Mercurius
1719 261 1771 313 in
1821 260 1938 328 ipsa

245 339 397 404 parte
442 335 606 387 fuerit
652 335 915 404 inventuS,
961 335 1123 388 faciet
1165 336 1399 388 musicos
1437 334 1525 387 vel
1563 335 1806 403 artificeS,
1847 334 1938 387 sed

60 428 129 467 soz.
143 421 260 456 112⁰!
282 409 375 478 qui
420 409 669 462 mulieres
716 409 1075 478 praeposteris
1120 409 1408 462 libidinum
1454 409 1725 461 amoribus
1765 426 1937 477 perse-

246 486 490 553 quantur.
551 482 727 534 Erunt
767 501 892 535 sane
930 483 1278 554 negligentes.
1351 481 1408 535 Si
1446 501 1572 535 vero
1610 482 1764 535 Luna
1803 482 1937 535 bene

244 558 407 610 fuerit
444 557 637 625 posita,
676 558 836 609 faciet
877 557 1076 610 scribas
1107 557 1333 627 nobiles,
1365 557 1456 610 sed
1489 556 1683 625 quibus
1722 575 1937 626 magna-
1984 575 2004 609 5

245 649 363 684 rum
404 649 582 683 rerum
622 631 802 683 officia
842 632 1138 684 credantur.
1208 631 1384 684 Erunt
1424 649 1548 683 sane
1581 631 1775 683 divites
1807 631 1937 683 iusti

198 771 203 774 ς
246 704 501 775 religiosi.
567 703 668 757 Sed
708 705 766 758 hi
804 705 1054 775 longaevi
1092 705 1403 758 morientur.
1465 704 1529 757 In
1560 704 1624 757 V.
1657 708 1809 774 parte
1844 703 1939 756 Ca—

244 779 479 848 pricorni
513 779 837 848 quicumque
870 779 1156 832 habuerint
1179 780 1552 848 horoscopum,
1577 782 1734 832 erunt
1756 782 1938 848 turpes

181 853 213 904 3
245 852 442 922 inpuri,
473 853 541 905 ad
573 871 730 905 omne
761 853 955 906 vitium
987 853 1224 906 libidinis
1257 853 1527 923 applicati.
1580 852 1644 904 In
1669 851 1761 905 VI.
1785 856 1940 920 parte

249 925 560 996 Capricorni
615 927 943 996 quicumque
1003 928 1291 980 habuerint
1350 928 1726 996 horoscopum,
1786 930 1940 980 erunt
1965 947 2009 978 ιο

249 1002 530 1054 elefantici.
594 999 658 1053 In
696 999 815 1053 VII.
855 1005 1006 1070 parte
1039 1001 1350 1070 Capricorni
1391 1003 1714 1070 quicumque
1745 1001 1940 1053 habue-

248 1077 358 1127 rint
395 1075 771 1144 horoscopum,
813 1079 970 1128 erunt
1008 1076 1205 1128 curiosi
1244 1076 1489 1144 artifices,
1525 1075 1617 1128 sed
1649 1093 1784 1143 quos
1819 1076 1942 1128 arti-

248 1149 356 1202 ficii
391 1151 473 1201 sui
503 1149 759 1202 nobilitas
793 1151 1123 1219 conmendet,
1155 1151 1315 1203 amici
1346 1168 1547 1221 regum.
1616 1148 1720 1202 Sed
1750 1149 1808 1201 in
1838 1150 1942 1201 hoc

248 1223 367 1276 loco
400 1226 685 1276 nascentur
715 1227 768 1276 et
798 1224 1004 1277 medici.
1069 1223 1200 1276 Cum
1235 1224 1544 1278 testimonio
1571 1223 1940 1276 malivolarum

190 1297 226 1348 4
252 1298 530 1349 stellarum
570 1317 779 1350 *****.
857 1297 922 1350 In
960 1296 1104 1350 VIII.
1144 1301 1296 1367 parte
1345 1297 1658 1368 Capricorni
1705 1299 1942 1366 quicum·
1967 1315 2010 1348 15

252 1390 354 1441 que
393 1371 680 1424 habuerint
717 1373 1094 1441 horoscopum,
1134 1374 1179 1425 si
1213 1372 1395 1426 Venus
1437 1373 1492 1424 in
1523 1373 1640 1440 ipsa
1671 1375 1822 1441 parte
1862 1372 1941 1424 fu-

253 1447 354 1498 erit
407 1446 638 1514 inventa,
692 1446 966 1498 habebunt
1019 1447 1284 1499 maximae
1337 1446 1640 1498 nobilitatis
1695 1446 1941 1516 insignia.

252 1519 454 1582 Quodsi
485 1520 638 1572 Luna
668 1521 803 1572 bene
835 1521 1000 1572 fuerit
1028 1523 1299 1590 collocata,
1324 1521 1495 1573 multa
1518 1523 1735 1590 agentes
1766 1520 1945 1573 omnia

252 1594 558 1646 tractabunt
597 1594 982 1664 negotiationis
1023 1595 1223 1665 officia3
1274 1595 1366 1647 alii
1404 1595 1634 1663 publicis
1674 1594 1945 1665 vectigali-

252 1669 352 1721 bus
406 1672 707 1736 praeerunt.
790 1667 854 1721 In
907 1667 998 1722 IX.
1046 1672 1199 1738 parte
1256 1667 1565 1737 Capricorni
1623 1669 1944 1737 quicumque
1969 1686 2013 1719 20

252 1741 540 1794 habuerint
585 1743 968 1811 horoscopum,
1023 1744 1069 1794 si
1114 1743 1261 1795 Mars
1315 1744 1370 1795 in
1418 1742 1536 1811 ipsa
1581 1746 1731 1811 parte
1780 1742 1946 1795 fuerit

254 1817 520 1884 inventUS,
560 1817 617 1869 in
662 1817 838 1884 prima
876 1819 1049 1869 aetate
1089 1817 1398 1871 morientur.
1479 1815 1535 1869 Si
1575 1834 1700 1869 vero
1740 1816 1945 1869 Mercu-

257 1890 368 1942 rius
408 1891 775 1942 testimonium
809 1890 1155 1959 perhibuerit,
1188 1895 1344 1943 erunt
1376 1891 1701 1944 feneratores
1737 1891 1944 1959 divites,

197 1963 231 2017 ὃ
258 1964 350 2016 sed
389 1964 735 2032 pecuniarum
776 1983 934 2017 causa
979 1966 1289 2017 morientur.
1365 1963 1429 2017 In
1467 1964 1531 2017 X.
1571 1968 1722 2034 parte
1763 1963 1945 2034 Capri-

258 2039 405 2091 corni
461 2038 781 2107 quicumque
834 2039 1120 2091 habuerint
1168 2040 1546 2108 horoscopum,
1602 2040 1646 2091 si
1691 2039 1836 2091 Mars
1888 2039 1944 2090 in
1970 2054 2011 2087 25

256 2115 373 2180 ipsa
425 2114 579 2180 parte
633 2113 797 2164 fuerit
850 2113 1121 2182 inventuS,
1175 2113 1337 2166 faciet
1382 2113 1634 2166 moechos
1685 2112 1777 2166 sed
1823 2131 1944 2166 cum

257 2186 475 2239 amabili
522 2186 694 2256 gratia
739 2187 1049 2239 venustatis
1130 2185 1233 2240 Sed
1278 2187 1337 2239 hi
1385 2187 1679 2240 amicorum
1727 2205 1946 2240 suorum

257 2278 450 2313 uxores
498 2264 842 2329 praepostera
889 2263 1085 2314 amoris
1134 2262 1426 2330 cupiditate
1467 2264 1824 2330 corrumpent,
1862 2278 1947 2312 ve-

257 2353 377 2386 rum
423 2352 715 2402 numquam
754 2335 810 2386 in
849 2335 953 2387 isto
984 2335 1219 2388 facinore
1252 2335 1564 2404 deprehensi
1593 2335 1946 2403 publicantur.

258 2407 359 2460 His
408 2427 473 2460 ex
520 2408 702 2476 aliquo
753 2408 979 2461 artificio
1027 2409 1263 2461 maxima
1307 2410 1450 2463 vitae
1497 2409 1732 2462 subsidia
1771 2409 1946 2461 confe-
1971 2424 2014 2457 30

258 2485 456 2549 rentur,
489 2482 581 2535 sed
613 2482 875 2535 adulterio
909 2482 1151 2552 cognitas
1185 2484 1475 2536 sortientur
1505 2502 1713 2536 uxores,
1773 2482 1947 2534 Morte

382 2646 404 2684 7
441 2643 615 2687 decreta
631 2644 842 2698 partium
875 2644 922 2687 V.
949 2649 991 2687 et
1023 2643 1100 2687 VI.
1126 2645 1310 2688 invertit
1339 2649 1378 2686 N
1500 2649 1554 2687 14
1585 2644 1839 2686 nascuntur
1861 2644 1901 2685 Δ
1939 2642 1945 2700 Ι

262 2700 583 2744 benivolamm
607 2716 637 2743 v
759 2706 812 2745 15
846 2701 1088 2746 stellarum
1112 2716 1194 2746 om.
1221 2705 1261 2746 Δ
1291 2707 1297 2759 1
1326 2705 1409 2748 lac,
1433 2708 1535 2747 stat.
1561 2720 1589 2745 κ
1712 2705 1765 2745 18
1796 2701 1949 2744 multa

262 2773 344 2803 om.
370 2765 405 2802 D
433 2762 439 2814 Ι
468 2760 623 2803 omnia
647 2775 730 2804 om.
755 2763 795 2803 A
920 2765 975 2804 25
1000 2761 1250 2805 habuerint
1275 2764 1327 2819 G]
1351 2761 1570 2805 habuerit
1691 2764 1745 2803 26
1770 2759 1947 2803 moech.

262 2818 349 2861 fac.
383 2821 423 2861 A
577 2824 630 2862 27
664 2820 818 2875 gratia
848 2819 1035 2863 mechos
1067 2821 1324 2865 venustatis
1355 2825 1394 2863 N
1432 2820 1588 2877 gratia
1618 2820 1773 2863 Venus
1804 2818 1950 2862 faciet

263 2878 449 2920 mechos
481 2879 740 2922 venustatis
772 2884 807 2920 Ι)
879 2882 885 2935 Ι
957 2878 1007 2921 hi
1034 2879 1101 2937 Γ]
1151 2879 1232 2934 qui
1263 2883 1303 2923 A
1457 2884 1511 2923 28
1545 2878 1714 2923 amoris
1745 2892 1827 2922 om.
1862 2880 1901 2920 A
1939 2877 1944 2935 Ι

266 2938 563 2992 corrumpant
591 2941 652 2979 N·
773 2942 825 2980 31
859 2951 1022 2981 uxores
1055 2939 1306 2982 sortientur
1337 2941 1377 2982 A
