2038 3162
270 122 421 169 XXVI
937 123 1293 169 PRAEFATIO.

271 258 488 302 adnotat:
520 258 594 302 De
623 259 705 302 hoc
734 263 1046 303 crouocratore
1075 258 1267 302 multum
1297 258 1501 302 diversus
1530 262 1593 303 est
1623 259 1680 302 ab
1713 259 1821 302 aliis
1851 271 1955 304 auc·

269 318 455 362 toribus.
510 317 582 360 Ad
617 322 736 362 2426
767 317 893 362 idem
924 316 1105 360 monuit
1138 318 1276 373 atque
1307 330 1391 360 nos
1417 318 1616 373 (24211):
1666 317 1808 362 Credo
1840 317 1960 374 quod

269 377 336 421 ibi
363 377 425 422 sit
455 391 580 421 error
602 378 714 433 quia
744 378 810 421 sic
840 377 1067 432 accipitur
1089 390 1206 432 pars
1228 378 1453 432 fortunae.
1501 375 1590 421 Sed
1620 377 1747 421 debes
1777 381 1956 421 coutra-

267 438 390 481 rium
429 437 574 480 dicere
610 437 679 481 vel
715 436 927 492 accipere.
990 435 1286 491 Aliquotiens
1326 435 1553 479 adscribit
1583 436 1838 492 Expertum
1877 436 1957 493 (ad

269 500 397 540 1031.
434 500 559 539 1111.
596 497 772 552 14612);
807 495 867 538 ad
894 499 1095 539 1011—7:
1128 495 1232 539 Hoc
1262 501 1495 551 expertum
1519 500 1593 539 est.
1625 501 1779 540 totum.
1821 494 1956 539 Unde

267 555 324 598 de
347 554 446 598 vita
471 554 739 598 correctoris
765 553 999 610 anonymi,
1033 554 1072 598 si
1096 555 1200 610 quis
1226 554 1352 608 velit,
1378 553 1537 611 aliqua
1561 555 1768 599 conicere
1791 554 1954 611 possit.

175 694 178 697 Δ
206 649 239 687 1.
341 640 426 684 25.
458 639 878 684 Laurentianus
901 635 1063 683 XXIX
1083 637 1146 683 31
1177 636 1331 684 chart.
1349 635 1454 684 foll.
1475 636 1577 683 149
1605 650 1693 684 cm.
1714 637 1798 696 28,
1819 637 1950 684 5:21

267 725 389 758 saec.
415 710 520 756 XV.
557 703 698 775 (anni
732 703 900 775 1479)
933 710 1364 773 neglegentissime
1397 711 1628 758 exaratus
1659 709 1758 758 vile
1790 710 1956 758 arche-

265 783 377 846 typi
408 782 452 832 Δ
488 783 829 847 apographum
863 785 958 846 est3
1001 784 1081 831 hic
1111 784 1215 832 illic
1248 799 1359 832 cum
1391 776 1462 832 D2
1492 784 1569 832 vel
1602 787 1655 831 N
1685 784 1827 845 facit,
1870 784 1956 832 sed

264 859 316 906 in
340 859 476 907 vitiis
503 859 672 920 potius
698 873 847 920 quam
870 859 923 905 in
947 857 1229 906 virtutibus.
1270 858 1439 906 Fluxit
1467 858 1677 906 fortasse
1702 874 1760 905 ex
1784 858 1955 907 eodem

266 934 414 994 atque
453 936 506 980 N
546 933 704 993 fonte,
752 932 836 980 sed
882 932 1101 980 nondum
1147 934 1364 980 correcto
1413 934 1462 980 et
1508 931 1750 994 suppleto.
1821 931 1955 981 Satis

263 1007 449 1054 multas
491 1008 727 1055 lectiones
774 1022 832 1053 ex
872 1006 1014 1055 libris
1052 1006 1108 1062 I.,
1147 1006 1228 1068 II.,
1266 1006 1338 1053 IV
1341 1044 1367 1068 .,
1397 1006 1473 1067 V.‚
1505 1006 1590 1054 VI.
1630 1008 1957 1055 enotaverunt

264 1081 407 1129 Kroll
439 1074 634 1147 (1896)
675 1083 726 1129 et
765 1080 957 1145 Ziegler
988 1073 1196 1146 (1908).
1255 1080 1571 1143 Aliquotiens
1611 1095 1723 1128 cum
1761 1083 1880 1129 nota
1910 1085 1955 1128 L

263 1155 315 1202 in
348 1157 594 1218 apparatu
626 1156 798 1203 critico
832 1155 1334 1203 commemoravimus.
1382 1155 1550 1203 Etiam
1573 1155 1734 1204 multo
1759 1155 1958 1218 dignior

264 1230 349 1292 qui
383 1229 640 1291 abiciatur,
674 1230 748 1277 est
778 1229 924 1278 huius
955 1229 1282 1278 Laurentiani
1314 1229 1678 1278 contubernalis

339 1325 425 1368 26.
460 1322 881 1366 Laurentianus
895 1318 1059 1365 XXIX
1080 1320 1147 1366 14
1173 1318 1327 1366 chart.
1343 1318 1448 1366 foll.
1470 1320 1572 1366 119
1598 1334 1688 1367 cm.
1716 1320 1800 1379 21,
1819 1318 1953 1366 5:15

262 1409 386 1442 saec.
418 1393 538 1454 XV.,
577 1393 703 1440 liber
734 1394 1077 1455 spurcissimus
1119 1394 1267 1440 notae
1299 1394 1554 1456 pessimae.
1608 1392 1851 1440 Firmicus
1882 1392 1955 1440 in-

263 1468 386 1530 cipit
431 1467 463 1514 f.
507 1468 598 1527 30,
653 1466 836 1515 desinit
871 1467 898 1515 I
939 1469 1105 1516 21214
1149 1468 1272 1528 facit
1310 1468 1364 1514 in
1405 1467 1527 1515 folio
1571 1469 1698 1515 119r
1735 1465 1955 1515 nondum

262 1543 509 1604 scriptura
540 1541 797 1603 completo.
853 1541 926 1588 De

336 1636 417 1679 27.
458 1633 834 1679 Escorialensi
857 1630 904 1676 N
928 1629 1005 1678 III
1033 1633 1058 1678 1
1096 1630 1249 1678 chart.
1275 1630 1378 1678 foll.
1407 1632 1512 1679 220
1546 1645 1670 1678 5366.
1698 1629 1803 1678 XV.
1829 1629 1955 1676 nihil

262 1706 567 1767 compertum
589 1704 841 1767 habemus,
873 1703 969 1752 nisi
994 1704 1214 1768 integros
1241 1721 1352 1752 eum
1374 1703 1527 1754 libros
1544 1703 1668 1751 VIII
1691 1704 1955 1752 continere.

262 1779 398 1826 Idem
431 1779 490 1826 de

338 1873 422 1916 28.
449 1871 831 1916 Canoniciano
848 1867 957 1915 Lat.
975 1868 1078 1914 275
1099 1868 1252 1916 chart.
1266 1867 1319 1914 in
1335 1867 1435 1922 fol„
1454 1867 1558 1914 foll.
1577 1867 1696 1927 148,
1714 1882 1838 1914 saec.
1850 1867 1956 1914 XV.

262 1944 478 1990 testatur
511 1941 655 2002 Coxe,
688 1940 918 2006 Gatalogi
942 1941 1078 1990 codd.
1107 1942 1218 1990 Mss.
1243 1941 1361 1989 bibl.
1387 1941 1640 1989 Bodleian.
1666 1940 1755 1988 III.
1806 1939 1954 1989 Godd.

263 2015 343 2064 Gr.
370 2018 420 2064 et
442 2016 553 2064 Lat.
580 2015 902 2064 Canoniciani
926 2009 1137 2082 (1854),
1169 2033 1214 2077 p.
1243 2017 1361 2063 226.
1403 2015 1555 2063 Plura
1585 2031 1683 2063 non
1715 2016 1955 2064 novimus.

338 2110 423 2153 29.
456 2108 798 2153 Harleianus
824 2106 965 2152 2766
994 2106 1214 2153 continet
1239 2104 1509 2152 secundum
1528 2103 1821 2167 Catalogum
1844 2103 1955 2151 libr.

263 2180 375 2227 Mss.
409 2179 525 2228 bibl.
558 2179 856 2227 Harleianae
889 2179 939 2226 H
980 2173 1196 2245 (1808),
1237 2195 1282 2240 p.
1314 2181 1412 2226 711
1450 2179 1571 2226 Iulii
1603 2179 1808 2226 Fir-mici
1838 2178 1954 2226 Ma-

265 2255 407 2309 terni,
439 2255 735 2308 Matheseos,
768 2255 867 2301 sive
898 2251 1343 2301 Astrouornicorum
1376 2253 1610 2300 librorum
1634 2255 1841 2311 partem.
1889 2252 1956 2299 Iu

263 2329 401 2374 cuius
447 2329 564 2386 fine,
614 2322 721 2374 ‘Nil
767 2329 926 2386 deficit
969 2328 1232 2374 secuudum
1281 2328 1523 2387 exemplar
1561 2321 1952 2374 Mouticasiuen?

266 2401 440 2448 Cetera
471 2403 728 2450 nescimus.
782 2402 886 2449 Nec
919 2401 976 2448 de

338 2494 425 2537 30.
461 2493 923 2538 Cheltenhamico
955 2489 1095 2538 nobis
1129 2489 1287 2537 adhuc
1315 2488 1539 2552 contigit,
1571 2491 1627 2536 ut
1658 2488 1803 2550 plura
1826 2503 1954 2536 com-

263 2564 550 2624 periremus,
583 2579 731 2624 quam
763 2564 895 2626 quod
923 2563 1330 2611 Gundermannus
1357 2579 1485 2628 anno
1514 2563 1652 2610 1896
1689 2562 1954 2610 Skutschio

265 2637 461 2698 scripsit
486 2653 587 2685 esse
608 2637 951 2685 Cheltenhami
972 2637 1186 2685 codicem
1211 2654 1282 2684 nr.
1304 2638 1445 2684 3374
1470 2636 1671 2684 membr.
1694 2651 1815 2684 saec.
1835 2635 1954 2697 XV.,

263 2712 314 2757 in
349 2727 445 2771 quo
477 2712 659 2758 inesset
692 2707 925 2759 ‘Materni
955 2711 1171 2759 Iunioris
1204 2711 1329 2758 liber
1360 2706 1670 2758 matheseos’.
1719 2710 1954 2757 Exstetne

264 2784 414 2832 codex
438 2784 598 2832 adhuc
622 2786 674 2832 in
698 2784 998 2833 bibliotheca
1018 2784 1395 2847 Phillippsiana,
1421 2786 1558 2831 cuius
1583 2783 1734 2831 libros
1760 2783 1953 2844 aliquos

265 2857 542 2905 divenditos
561 2874 662 2905 esse
683 2858 873 2920 Sandys
891 2858 1076 2920 scribit,
1101 2860 1439 2920 quantamque
1455 2857 1660 2904 Firmici
1675 2856 1951 2905 Matheseos

262 2933 455 2993 partem
487 2933 752 2992 contineat,
784 2935 1039 2980 nescimus.
