<?xml version="1.0" encoding="UTF-8"?>
<!DOCTYPE html PUBLIC "-//W3C//DTD XHTML 1.0 Transitional//EN"
    "http://www.w3.org/TR/xhtml1/DTD/xhtml1-transitional.dtd">
<html xmlns="http://www.w3.org/1999/xhtml" xml:lang="en" lang="en">
 <head>
  <title>
</title>
<meta http-equiv="Content-Type" content="text/html;charset=utf-8" />
  <meta name='ocr-system' content='tesseract 3.04.00' />
  <meta name='ocr-capabilities' content='ocr_page ocr_carea ocr_par ocr_line ocrx_word'/>
</head>
<body>
  <div class='ocr_page' id='page_1' title='image "./matheseoslibrivi02firmuoft_0380.png"; bbox 0 0 2084 3192; ppageno 0'>
   <div class='ocr_carea' id='block_1_1' title="bbox 244 117 1205 172">
    <p class='ocr_par' dir='ltr' id='par_1_1' title="bbox 244 117 1205 172">
     <span class='ocr_line' id='line_1_1' title="bbox 244 117 1205 172; baseline -0.011 0"><span class='ocrx_word' id='word_1_1' title='bbox 244 119 352 172; x_wconf 86' lang='lat'>306</span> <span class='ocrx_word' id='word_1_2' title='bbox 855 154 861 159; x_wconf 94' lang='lat'><em>.</em></span> <span class='ocrx_word' id='word_1_3' title='bbox 977 117 1205 166; x_wconf 81' lang='lat' dir='ltr'><strong>FIRMICI</strong></span> 
     </span>
    </p>
   </div>
   <div class='ocr_carea' id='block_1_2' title="bbox 242 238 1935 455">
    <p class='ocr_par' dir='ltr' id='par_1_2' title="bbox 242 238 1935 455">
     <span class='ocr_line' id='line_1_2' title="bbox 242 238 1934 310; baseline 0.001 -18"><span class='ocrx_word' id='word_1_4' title='bbox 242 239 515 309; x_wconf 84' lang='lat' dir='ltr'>pulsatum</span> <span class='ocrx_word' id='word_1_5' title='bbox 570 239 770 292; x_wconf 85' lang='lat' dir='ltr'>invidia</span> <span class='ocrx_word' id='word_1_6' title='bbox 824 239 1136 292; x_wconf 74' lang='lat' dir='ltr'>insanientis</span> <span class='ocrx_word' id='word_1_7' title='bbox 1190 238 1380 308; x_wconf 91' lang='lat' dir='ltr'>populi</span> <span class='ocrx_word' id='word_1_8' title='bbox 1425 238 1669 308; x_wconf 85' lang='lat' dir='ltr'>&lt;rabies&gt;</span> <span class='ocrx_word' id='word_1_9' title='bbox 1713 239 1934 310; x_wconf 86' lang='lat' dir='ltr'>dissipa—</span> 
     </span>
     <span class='ocr_line' id='line_1_3' title="bbox 243 312 1935 382; baseline 0.001 -16"><span class='ocrx_word' id='word_1_10' title='bbox 243 314 338 377; x_wconf 90' lang='lat' dir='ltr'>bit,</span> <span class='ocrx_word' id='word_1_11' title='bbox 379 316 433 365; x_wconf 88' lang='lat' dir='ltr'>et</span> <span class='ocrx_word' id='word_1_12' title='bbox 470 313 823 382; x_wconf 88' lang='lat' dir='ltr'>popularibus</span> <span class='ocrx_word' id='word_1_13' title='bbox 861 312 1110 365; x_wconf 85' lang='lat' dir='ltr'>manibus</span> <span class='ocrx_word' id='word_1_14' title='bbox 1149 313 1441 374; x_wconf 84' lang='lat' dir='ltr'>laceratum</span> <span class='ocrx_word' id='word_1_15' title='bbox 1481 313 1733 381; x_wconf 82' lang='lat' dir='ltr'>†artibus</span> <span class='ocrx_word' id='word_1_16' title='bbox 1764 318 1935 368; x_wconf 89' lang='lat' dir='ltr'>metu-</span> 
     </span>
     <span class='ocr_line' id='line_1_4' title="bbox 244 387 1571 455; baseline 0 -16"><span class='ocrx_word' id='word_1_17' title='bbox 244 388 380 440; x_wconf 86' lang='lat' dir='ltr'>enda</span> <span class='ocrx_word' id='word_1_18' title='bbox 418 387 638 440; x_wconf 83' lang='lat' dir='ltr'>acerbae</span> <span class='ocrx_word' id='word_1_19' title='bbox 676 387 866 439; x_wconf 83' lang='lat' dir='ltr'>mortis</span> <span class='ocrx_word' id='word_1_20' title='bbox 907 388 1150 455; x_wconf 87' lang='lat' dir='ltr'>exempla</span> <span class='ocrx_word' id='word_1_21' title='bbox 1189 387 1571 439; x_wconf 84' lang='lat' dir='ltr'>demonstrant.</span> 
     </span>
    </p>
   </div>
   <div class='ocr_carea' id='block_1_3' title="bbox 865 533 1310 604">
    <p class='ocr_par' dir='ltr' id='par_1_3' title="bbox 865 533 1310 604">
     <span class='ocr_line' id='line_1_5' title="bbox 865 533 1310 604; baseline 0 -18"><span class='ocrx_word' id='word_1_22' title='bbox 865 533 983 586; x_wconf 81' lang='grc' dir='ltr'>ΧΠ.</span> <span class='ocrx_word' id='word_1_23' title='bbox 1025 533 1310 604; x_wconf 85' lang='lat' dir='ltr'><strong>[LIBRA.]</strong></span> 
     </span>
    </p>
   </div>
   <div class='ocr_carea' id='block_1_4' title="bbox 191 636 2002 2040">
    <p class='ocr_par' dir='ltr' id='par_1_4' title="bbox 191 636 2002 2040">
     <span class='ocr_line' id='line_1_6' title="bbox 194 636 2002 709; baseline 0.001 -17"><span class='ocrx_word' id='word_1_24' title='bbox 194 641 221 692; x_wconf 88' lang='lat'>1</span> <span class='ocrx_word' id='word_1_25' title='bbox 354 638 416 691; x_wconf 91' lang='lat' dir='ltr'>In</span> <span class='ocrx_word' id='word_1_26' title='bbox 449 640 603 709; x_wconf 84' lang='lat' dir='ltr'>signo</span> <span class='ocrx_word' id='word_1_27' title='bbox 627 638 821 691; x_wconf 81' lang='lat' dir='ltr'>Librae</span> <span class='ocrx_word' id='word_1_28' title='bbox 845 637 972 706; x_wconf 85' lang='lat' dir='ltr'>&lt;in&gt;</span> <span class='ocrx_word' id='word_1_29' title='bbox 997 641 1147 706; x_wconf 87' lang='lat' dir='ltr'>parte</span> <span class='ocrx_word' id='word_1_30' title='bbox 1171 636 1317 690; x_wconf 87' lang='lat' dir='ltr'><strong>VIII.</strong></span> <span class='ocrx_word' id='word_1_31' title='bbox 1344 637 1515 690; x_wconf 87' lang='lat' dir='ltr'>oritur</span> <span class='ocrx_word' id='word_1_32' title='bbox 1541 638 1809 709; x_wconf 85' lang='lat' dir='ltr'>Sagitta.</span> <span class='ocrx_word' id='word_1_33' title='bbox 1871 639 1935 692; x_wconf 90' lang='lat' dir='ltr'>In</span> <span class='ocrx_word' id='word_1_34' title='bbox 1981 660 2002 693; x_wconf 79' lang='lat'><strong>5</strong></span> 
     </span>
     <span class='ocr_line' id='line_1_7' title="bbox 199 711 1936 783; baseline 0.001 -19"><span class='ocrx_word' id='word_1_35' title='bbox 199 752 203 754; x_wconf 86' lang='lat'><em>-</em></span> <span class='ocrx_word' id='word_1_36' title='bbox 242 713 347 766; x_wconf 91' lang='lat' dir='ltr'>hoc</span> <span class='ocrx_word' id='word_1_37' title='bbox 375 714 530 783; x_wconf 85' lang='lat' dir='ltr'>signo</span> <span class='ocrx_word' id='word_1_38' title='bbox 556 713 649 781; x_wconf 92' lang='lat' dir='ltr'>qui</span> <span class='ocrx_word' id='word_1_39' title='bbox 672 715 830 765; x_wconf 89' lang='lat' dir='ltr'>natus</span> <span class='ocrx_word' id='word_1_40' title='bbox 853 711 1031 776; x_wconf 88' lang='lat' dir='ltr'>fuerit,</span> <span class='ocrx_word' id='word_1_41' title='bbox 1065 713 1164 764; x_wconf 89' lang='lat' dir='ltr'>erit</span> <span class='ocrx_word' id='word_1_42' title='bbox 1189 712 1450 764; x_wconf 76' lang='lat' dir='ltr'>iaculator</span> <span class='ocrx_word' id='word_1_43' title='bbox 1474 712 1809 783; x_wconf 88' lang='lat' dir='ltr'>sagittarum,</span> <span class='ocrx_word' id='word_1_44' title='bbox 1843 714 1936 782; x_wconf 91' lang='lat' dir='ltr'>qui</span> 
     </span>
     <span class='ocr_line' id='line_1_8' title="bbox 242 785 1935 857; baseline 0.002 -19"><span class='ocrx_word' id='word_1_45' title='bbox 242 789 485 840; x_wconf 76' lang='lat' dir='ltr'>volantes</span> <span class='ocrx_word' id='word_1_46' title='bbox 541 804 663 839; x_wconf 87' lang='lat' dir='ltr'>aves</span> <span class='ocrx_word' id='word_1_47' title='bbox 718 785 933 855; x_wconf 89' lang='lat' dir='ltr'>speciali</span> <span class='ocrx_word' id='word_1_48' title='bbox 982 786 1197 838; x_wconf 85' lang='lat' dir='ltr'>artificii</span> <span class='ocrx_word' id='word_1_49' title='bbox 1242 785 1606 839; x_wconf 87' lang='lat' dir='ltr'>moderatione</span> <span class='ocrx_word' id='word_1_50' title='bbox 1652 788 1935 857; x_wconf 84' lang='lat' dir='ltr'>percutiat,</span> 
     </span>
     <span class='ocr_line' id='line_1_9' title="bbox 244 860 1934 931; baseline 0.001 -18"><span class='ocrx_word' id='word_1_51' title='bbox 244 864 337 913; x_wconf 87' lang='lat' dir='ltr'>aut</span> <span class='ocrx_word' id='word_1_52' title='bbox 389 861 562 931; x_wconf 84' lang='lat' dir='ltr'>pisces</span> <span class='ocrx_word' id='word_1_53' title='bbox 616 860 848 913; x_wconf 79' lang='lat' dir='ltr'>tridente</span> <span class='ocrx_word' id='word_1_54' title='bbox 901 860 987 913; x_wconf 84' lang='lat' dir='ltr'>vel</span> <span class='ocrx_word' id='word_1_55' title='bbox 1041 860 1260 928; x_wconf 80' lang='lat' dir='ltr'>cuspide</span> <span class='ocrx_word' id='word_1_56' title='bbox 1314 860 1454 912; x_wconf 88' lang='lat' dir='ltr'>inter</span> <span class='ocrx_word' id='word_1_57' title='bbox 1507 861 1625 930; x_wconf 86' lang='lat' dir='ltr'>ipsa</span> <span class='ocrx_word' id='word_1_58' title='bbox 1673 861 1934 914; x_wconf 87' lang='lat' dir='ltr'>undarum</span> 
     </span>
     <span class='ocr_line' id='line_1_10' title="bbox 243 933 1975 1005; baseline 0 -18"><span class='ocrx_word' id='word_1_59' title='bbox 243 936 417 1004; x_wconf 82' lang='lat' dir='ltr'>spatia</span> <span class='ocrx_word' id='word_1_60' title='bbox 462 935 595 1005; x_wconf 86' lang='lat' dir='ltr'>figat</span> <span class='ocrx_word' id='word_1_61' title='bbox 639 934 951 1003; x_wconf 80' lang='lat' dir='ltr'>intrepidus,</span> <span class='ocrx_word' id='word_1_62' title='bbox 1030 933 1088 986; x_wconf 88' lang='lat' dir='ltr'>Si</span> <span class='ocrx_word' id='word_1_63' title='bbox 1132 952 1258 986; x_wconf 87' lang='lat' dir='ltr'>vero</span> <span class='ocrx_word' id='word_1_64' title='bbox 1305 934 1409 987; x_wconf 91' lang='lat' dir='ltr'>hoc</span> <span class='ocrx_word' id='word_1_65' title='bbox 1457 934 1601 988; x_wconf 86' lang='lat' dir='ltr'>sidus</span> <span class='ocrx_word' id='word_1_66' title='bbox 1641 936 1696 987; x_wconf 90' lang='lat' dir='ltr'>in</span> <span class='ocrx_word' id='word_1_67' title='bbox 1745 953 1935 988; x_wconf 88' lang='lat' dir='ltr'>occasu</span> <span class='ocrx_word' id='word_1_68' title='bbox 1973 949 1975 952; x_wconf 60' lang='lat'>‘</span> 
     </span>
     <span class='ocr_line' id='line_1_11' title="bbox 241 1008 2002 1078; baseline 0.001 -17"><span class='ocrx_word' id='word_1_69' title='bbox 241 1009 419 1078; x_wconf 82' lang='lat' dir='ltr'>fuerit,</span> <span class='ocrx_word' id='word_1_70' title='bbox 460 1013 513 1062; x_wconf 90' lang='lat' dir='ltr'>et</span> <span class='ocrx_word' id='word_1_71' title='bbox 550 1009 696 1062; x_wconf 89' lang='lat' dir='ltr'>hunc</span> <span class='ocrx_word' id='word_1_72' title='bbox 734 1008 960 1061; x_wconf 90' lang='lat' dir='ltr'>eundem</span> <span class='ocrx_word' id='word_1_73' title='bbox 990 1009 1169 1061; x_wconf 89' lang='lat' dir='ltr'>locum</span> <span class='ocrx_word' id='word_1_74' title='bbox 1201 1008 1480 1061; x_wconf 86' lang='lat' dir='ltr'>benivolae</span> <span class='ocrx_word' id='word_1_75' title='bbox 1511 1027 1634 1062; x_wconf 89' lang='lat' dir='ltr'>cum</span> <span class='ocrx_word' id='word_1_76' title='bbox 1665 1009 1933 1062; x_wconf 87' lang='lat' dir='ltr'>malivolis</span> <span class='ocrx_word' id='word_1_77' title='bbox 1959 1030 2002 1063; x_wconf 89' lang='lat'>10</span> 
     </span>
     <span class='ocr_line' id='line_1_12' title="bbox 242 1082 1935 1152; baseline 0 -16"><span class='ocrx_word' id='word_1_78' title='bbox 242 1086 468 1152; x_wconf 87' lang='lat' dir='ltr'>aequata</span> <span class='ocrx_word' id='word_1_79' title='bbox 521 1083 815 1135; x_wconf 85' lang='lat' dir='ltr'>radiatione</span> <span class='ocrx_word' id='word_1_80' title='bbox 861 1082 1213 1152; x_wconf 83' lang='lat' dir='ltr'>respexerint,</span> <span class='ocrx_word' id='word_1_81' title='bbox 1257 1083 1312 1135; x_wconf 91' lang='lat' dir='ltr'>in</span> <span class='ocrx_word' id='word_1_82' title='bbox 1362 1083 1597 1135; x_wconf 84' lang='lat' dir='ltr'>exercitu</span> <span class='ocrx_word' id='word_1_83' title='bbox 1652 1083 1935 1137; x_wconf 88' lang='lat' dir='ltr'>constituti</span> 
     </span>
     <span class='ocr_line' id='line_1_13' title="bbox 243 1156 1933 1226; baseline 0 -16"><span class='ocrx_word' id='word_1_84' title='bbox 243 1161 295 1210; x_wconf 88' lang='lat' dir='ltr'>et</span> <span class='ocrx_word' id='word_1_85' title='bbox 326 1158 382 1209; x_wconf 91' lang='lat' dir='ltr'>in</span> <span class='ocrx_word' id='word_1_86' title='bbox 414 1157 527 1210; x_wconf 88' lang='lat' dir='ltr'>acie</span> <span class='ocrx_word' id='word_1_87' title='bbox 557 1157 723 1226; x_wconf 88' lang='lat' dir='ltr'>positi</span> <span class='ocrx_word' id='word_1_88' title='bbox 755 1156 896 1209; x_wconf 86' lang='lat' dir='ltr'>inter</span> <span class='ocrx_word' id='word_1_89' title='bbox 927 1157 1145 1209; x_wconf 90' lang='lat' dir='ltr'>acerbos</span> <span class='ocrx_word' id='word_1_90' title='bbox 1175 1156 1412 1208; x_wconf 88' lang='lat' dir='ltr'>hostium</span> <span class='ocrx_word' id='word_1_91' title='bbox 1448 1157 1689 1210; x_wconf 79' lang='lat' dir='ltr'>cumulos</span> <span class='ocrx_word' id='word_1_92' title='bbox 1722 1157 1933 1210; x_wconf 81' lang='lat' dir='ltr'>infinito</span> 
     </span>
     <span class='ocr_line' id='line_1_14' title="bbox 240 1229 1935 1302; baseline 0 -18"><span class='ocrx_word' id='word_1_93' title='bbox 240 1232 479 1284; x_wconf 84' lang='lat' dir='ltr'>hostium</span> <span class='ocrx_word' id='word_1_94' title='bbox 535 1232 792 1302; x_wconf 85' lang='lat' dir='ltr'>sanguine</span> <span class='ocrx_word' id='word_1_95' title='bbox 847 1230 1053 1284; x_wconf 77' lang='lat' dir='ltr'>cruenti</span> <span class='ocrx_word' id='word_1_96' title='bbox 1105 1229 1293 1283; x_wconf 88' lang='lat' dir='ltr'>hostili</span> <span class='ocrx_word' id='word_1_97' title='bbox 1349 1231 1509 1283; x_wconf 89' lang='lat' dir='ltr'>etiam</span> <span class='ocrx_word' id='word_1_98' title='bbox 1564 1231 1670 1301; x_wconf 91' lang='lat' dir='ltr'>ipsi</span> <span class='ocrx_word' id='word_1_99' title='bbox 1720 1231 1935 1284; x_wconf 86' lang='lat' dir='ltr'>dextera</span> 
     </span>
     <span class='ocr_line' id='line_1_15' title="bbox 191 1303 1934 1359; baseline 0 -1"><span class='ocrx_word' id='word_1_100' title='bbox 191 1305 225 1358; x_wconf 83' lang='lat'>2</span> <span class='ocrx_word' id='word_1_101' title='bbox 244 1307 383 1359; x_wconf 89' lang='lat' dir='ltr'>caesi</span> <span class='ocrx_word' id='word_1_102' title='bbox 429 1307 743 1358; x_wconf 89' lang='lat' dir='ltr'>moriuntur.</span> <span class='ocrx_word' id='word_1_103' title='bbox 822 1303 881 1358; x_wconf 91' lang='lat' dir='ltr'>Si</span> <span class='ocrx_word' id='word_1_104' title='bbox 918 1323 1043 1358; x_wconf 88' lang='lat' dir='ltr'>vero</span> <span class='ocrx_word' id='word_1_105' title='bbox 1090 1304 1235 1357; x_wconf 85' lang='lat' dir='ltr'>Mars</span> <span class='ocrx_word' id='word_1_106' title='bbox 1282 1303 1427 1357; x_wconf 86' lang='lat' dir='ltr'>solus</span> <span class='ocrx_word' id='word_1_107' title='bbox 1474 1307 1759 1358; x_wconf 87' lang='lat' dir='ltr'>attestante</span> <span class='ocrx_word' id='word_1_108' title='bbox 1798 1305 1934 1358; x_wconf 87' lang='lat' dir='ltr'>Mer-</span> 
     </span>
     <span class='ocr_line' id='line_1_16' title="bbox 244 1378 2001 1448; baseline 0.001 -16"><span class='ocrx_word' id='word_1_109' title='bbox 244 1381 390 1432; x_wconf 87' lang='lat' dir='ltr'>curio</span> <span class='ocrx_word' id='word_1_110' title='bbox 430 1380 572 1432; x_wconf 89' lang='lat' dir='ltr'>hunc</span> <span class='ocrx_word' id='word_1_111' title='bbox 610 1379 805 1432; x_wconf 84' lang='lat' dir='ltr'>viderit</span> <span class='ocrx_word' id='word_1_112' title='bbox 850 1379 1045 1448; x_wconf 83' lang='lat' dir='ltr'>locum,</span> <span class='ocrx_word' id='word_1_113' title='bbox 1094 1382 1186 1431; x_wconf 89' lang='lat' dir='ltr'>aut</span> <span class='ocrx_word' id='word_1_114' title='bbox 1233 1379 1279 1430; x_wconf 92' lang='lat' dir='ltr'>si</span> <span class='ocrx_word' id='word_1_115' title='bbox 1323 1380 1378 1431; x_wconf 92' lang='lat' dir='ltr'>in</span> <span class='ocrx_word' id='word_1_116' title='bbox 1426 1380 1543 1447; x_wconf 93' lang='lat' dir='ltr'>ipso</span> <span class='ocrx_word' id='word_1_117' title='bbox 1590 1378 1708 1431; x_wconf 95' lang='lat' dir='ltr'>loco</span> <span class='ocrx_word' id='word_1_118' title='bbox 1755 1380 1934 1448; x_wconf 79' lang='lat' dir='ltr'>fuerit,</span> <span class='ocrx_word' id='word_1_119' title='bbox 1961 1400 2001 1434; x_wconf 82' lang='lat'>15</span> 
     </span>
     <span class='ocr_line' id='line_1_17' title="bbox 241 1452 1935 1522; baseline 0 -16"><span class='ocrx_word' id='word_1_120' title='bbox 241 1454 371 1506; x_wconf 84' lang='lat' dir='ltr'>facit</span> <span class='ocrx_word' id='word_1_121' title='bbox 418 1454 550 1506; x_wconf 88' lang='lat' dir='ltr'>tales</span> <span class='ocrx_word' id='word_1_122' title='bbox 599 1455 692 1522; x_wconf 87' lang='lat' dir='ltr'>qui</span> <span class='ocrx_word' id='word_1_123' title='bbox 739 1471 794 1505; x_wconf 90' lang='lat' dir='ltr'>se</span> <span class='ocrx_word' id='word_1_124' title='bbox 834 1454 901 1505; x_wconf 91' lang='lat' dir='ltr'>ob</span> <span class='ocrx_word' id='word_1_125' title='bbox 943 1453 1146 1505; x_wconf 89' lang='lat' dir='ltr'>alienae</span> <span class='ocrx_word' id='word_1_126' title='bbox 1186 1453 1390 1522; x_wconf 85' lang='lat' dir='ltr'>gratiae</span> <span class='ocrx_word' id='word_1_127' title='bbox 1427 1452 1759 1505; x_wconf 84' lang='lat' dir='ltr'>voluntatem</span> <span class='ocrx_word' id='word_1_128' title='bbox 1797 1472 1935 1506; x_wconf 89' lang='lat' dir='ltr'>nun-</span> 
     </span>
     <span class='ocr_line' id='line_1_18' title="bbox 243 1526 1933 1598; baseline 0.001 -18"><span class='ocrx_word' id='word_1_129' title='bbox 243 1529 413 1580; x_wconf 88' lang='lat' dir='ltr'>dinati</span> <span class='ocrx_word' id='word_1_130' title='bbox 445 1527 721 1598; x_wconf 85' lang='lat' dir='ltr'>sanguinis</span> <span class='ocrx_word' id='word_1_131' title='bbox 754 1528 959 1580; x_wconf 88' lang='lat' dir='ltr'>iactura</span> <span class='ocrx_word' id='word_1_132' title='bbox 990 1526 1057 1579; x_wconf 92' lang='lat' dir='ltr'>ad</span> <span class='ocrx_word' id='word_1_133' title='bbox 1087 1527 1277 1579; x_wconf 86' lang='lat' dir='ltr'>mortis</span> <span class='ocrx_word' id='word_1_134' title='bbox 1304 1528 1664 1596; x_wconf 86' lang='lat' dir='ltr'>spectaculum</span> <span class='ocrx_word' id='word_1_135' title='bbox 1687 1527 1933 1581; x_wconf 83' lang='lat' dir='ltr'>vendant.</span> 
     </span>
     <span class='ocr_line' id='line_1_19' title="bbox 245 1601 1934 1670; baseline -0.001 -16"><span class='ocrx_word' id='word_1_136' title='bbox 245 1601 302 1654; x_wconf 93' lang='lat' dir='ltr'>Si</span> <span class='ocrx_word' id='word_1_137' title='bbox 341 1620 466 1654; x_wconf 83' lang='lat' dir='ltr'>vero</span> <span class='ocrx_word' id='word_1_138' title='bbox 510 1601 770 1654; x_wconf 88' lang='lat' dir='ltr'>Saturnus</span> <span class='ocrx_word' id='word_1_139' title='bbox 810 1601 914 1653; x_wconf 90' lang='lat' dir='ltr'>hoc</span> <span class='ocrx_word' id='word_1_140' title='bbox 950 1602 1151 1670; x_wconf 81' lang='lat' dir='ltr'>fecerit,</span> <span class='ocrx_word' id='word_1_141' title='bbox 1192 1601 1246 1652; x_wconf 92' lang='lat' dir='ltr'>in</span> <span class='ocrx_word' id='word_1_142' title='bbox 1285 1601 1471 1658; x_wconf 89' lang='lat' dir='ltr'>ludum</span> <span class='ocrx_word' id='word_1_143' title='bbox 1505 1602 1770 1653; x_wconf 84' lang='lat' dir='ltr'>sententia</span> <span class='ocrx_word' id='word_1_144' title='bbox 1801 1601 1934 1653; x_wconf 87' lang='lat' dir='ltr'>iudi—</span> 
     </span>
     <span class='ocr_line' id='line_1_20' title="bbox 244 1673 1933 1745; baseline -0.001 -16"><span class='ocrx_word' id='word_1_145' title='bbox 244 1676 412 1729; x_wconf 89' lang='lat' dir='ltr'>cantis</span> <span class='ocrx_word' id='word_1_146' title='bbox 453 1675 782 1728; x_wconf 88' lang='lat' dir='ltr'>addicuntur.</span> <span class='ocrx_word' id='word_1_147' title='bbox 852 1673 915 1727; x_wconf 94' lang='lat' dir='ltr'>In</span> <span class='ocrx_word' id='word_1_148' title='bbox 952 1674 1052 1727; x_wconf 92' lang='lat' dir='ltr'>hac</span> <span class='ocrx_word' id='word_1_149' title='bbox 1089 1677 1241 1744; x_wconf 83' lang='lat' dir='ltr'>parte</span> <span class='ocrx_word' id='word_1_150' title='bbox 1282 1673 1416 1743; x_wconf 80' lang='lat' dir='ltr'>Styx</span> <span class='ocrx_word' id='word_1_151' title='bbox 1455 1693 1568 1727; x_wconf 90' lang='lat' dir='ltr'>esse</span> <span class='ocrx_word' id='word_1_152' title='bbox 1606 1675 1933 1745; x_wconf 82' lang='lat' dir='ltr'>perhibetur,</span> 
     </span>
     <span class='ocr_line' id='line_1_21' title="bbox 243 1748 2002 1819; baseline 0.001 -17"><span class='ocrx_word' id='word_1_153' title='bbox 243 1751 298 1802; x_wconf 92' lang='lat' dir='ltr'>id</span> <span class='ocrx_word' id='word_1_154' title='bbox 338 1753 419 1802; x_wconf 85' lang='lat' dir='ltr'>est</span> <span class='ocrx_word' id='word_1_155' title='bbox 456 1750 697 1818; x_wconf 82' lang='lat' dir='ltr'>†terram</span> <span class='ocrx_word' id='word_1_156' title='bbox 731 1748 950 1819; x_wconf 85' lang='lat' dir='ltr'>Stygem</span> <span class='ocrx_word' id='word_1_157' title='bbox 984 1767 1097 1801; x_wconf 89' lang='lat' dir='ltr'>esse</span> <span class='ocrx_word' id='word_1_158' title='bbox 1135 1751 1284 1802; x_wconf 90' lang='lat' dir='ltr'>nulla</span> <span class='ocrx_word' id='word_1_159' title='bbox 1317 1748 1579 1801; x_wconf 86' lang='lat' dir='ltr'>dubitatio</span> <span class='ocrx_word' id='word_1_160' title='bbox 1614 1753 1706 1801; x_wconf 89' lang='lat' dir='ltr'>est.</span> <span class='ocrx_word' id='word_1_161' title='bbox 1760 1748 1933 1817; x_wconf 82' lang='lat' dir='ltr'>†Cae-</span> <span class='ocrx_word' id='word_1_162' title='bbox 1958 1771 2002 1803; x_wconf 79' lang='lat'>20</span> 
     </span>
     <span class='ocr_line' id='line_1_22' title="bbox 241 1822 1935 1893; baseline -0.001 -17"><span class='ocrx_word' id='word_1_163' title='bbox 241 1824 398 1877; x_wconf 87' lang='lat' dir='ltr'>lestia</span> <span class='ocrx_word' id='word_1_164' title='bbox 427 1842 557 1875; x_wconf 92' lang='lat' dir='ltr'>num</span> <span class='ocrx_word' id='word_1_165' title='bbox 588 1824 646 1875; x_wconf 90' lang='lat' dir='ltr'>in</span> <span class='ocrx_word' id='word_1_166' title='bbox 678 1823 982 1892; x_wconf 87' lang='lat' dir='ltr'>exemplum</span> <span class='ocrx_word' id='word_1_167' title='bbox 1014 1823 1263 1875; x_wconf 85' lang='lat' dir='ltr'>timentes</span> <span class='ocrx_word' id='word_1_168' title='bbox 1297 1823 1474 1875; x_wconf 90' lang='lat' dir='ltr'>animo</span> <span class='ocrx_word' id='word_1_169' title='bbox 1507 1822 1935 1893; x_wconf 86' lang='lat' dir='ltr'>perhorrescunt,</span> 
     </span>
     <span class='ocr_line' id='line_1_23' title="bbox 245 1897 1933 1967; baseline 0 -17"><span class='ocrx_word' id='word_1_170' title='bbox 245 1916 378 1967; x_wconf 90' lang='lat' dir='ltr'>quae</span> <span class='ocrx_word' id='word_1_171' title='bbox 419 1898 482 1950; x_wconf 90' lang='lat' dir='ltr'>de</span> <span class='ocrx_word' id='word_1_172' title='bbox 522 1897 667 1950; x_wconf 89' lang='lat' dir='ltr'>caelo</span> <span class='ocrx_word' id='word_1_173' title='bbox 715 1898 865 1966; x_wconf 82' lang='lat' dir='ltr'>lapsa</span> <span class='ocrx_word' id='word_1_174' title='bbox 909 1900 1240 1949; x_wconf 87' lang='lat' dir='ltr'>terrenorum</span> <span class='ocrx_word' id='word_1_175' title='bbox 1290 1914 1575 1966; x_wconf 88' lang='lat' dir='ltr'>corporum</span> <span class='ocrx_word' id='word_1_176' title='bbox 1615 1897 1807 1965; x_wconf 87' lang='lat' dir='ltr'>[lapsa]</span> <span class='ocrx_word' id='word_1_177' title='bbox 1851 1915 1933 1950; x_wconf 93' lang='lat' dir='ltr'>su-</span> 
     </span>
     <span class='ocr_line' id='line_1_24' title="bbox 192 1969 1934 2040; baseline -0.001 -16"><span class='ocrx_word' id='word_1_178' title='bbox 192 1972 226 2024; x_wconf 88' lang='lat'><strong>3</strong></span> <span class='ocrx_word' id='word_1_179' title='bbox 245 1972 659 2025; x_wconf 86' lang='lat' dir='ltr'>stentationibus</span> <span class='ocrx_word' id='word_1_180' title='bbox 700 1971 1013 2040; x_wconf 86' lang='lat' dir='ltr'>applicatur.</span> <span class='ocrx_word' id='word_1_181' title='bbox 1090 1969 1152 2022; x_wconf 92' lang='lat' dir='ltr'>In</span> <span class='ocrx_word' id='word_1_182' title='bbox 1190 1970 1384 2024; x_wconf 89' lang='lat' dir='ltr'>Librae</span> <span class='ocrx_word' id='word_1_183' title='bbox 1422 1974 1572 2039; x_wconf 87' lang='lat' dir='ltr'>parte</span> <span class='ocrx_word' id='word_1_184' title='bbox 1611 1969 1726 2023; x_wconf 91' lang='lat' dir='ltr'>XV.</span> <span class='ocrx_word' id='word_1_185' title='bbox 1762 1971 1934 2024; x_wconf 90' lang='lat' dir='ltr'>oritur</span> 
     </span>
    </p>
   </div>
   <div class='ocr_carea' id='block_1_5' title="bbox 243 2045 1933 2115">
    <p class='ocr_par' dir='ltr' id='par_1_5' title="bbox 243 2045 1933 2115">
     <span class='ocr_line' id='line_1_25' title="bbox 243 2045 1933 2115; baseline 0 -17"><span class='ocrx_word' id='word_1_186' title='bbox 243 2045 509 2099; x_wconf 77' lang='lat' dir='ltr'>Haedus,</span> <span class='ocrx_word' id='word_1_187' title='bbox 587 2045 706 2098; x_wconf 91' lang='lat' dir='ltr'>Hoc</span> <span class='ocrx_word' id='word_1_188' title='bbox 752 2046 904 2115; x_wconf 86' lang='lat' dir='ltr'>signo</span> <span class='ocrx_word' id='word_1_189' title='bbox 954 2045 1157 2097; x_wconf 89' lang='lat' dir='ltr'>oriente</span> <span class='ocrx_word' id='word_1_190' title='bbox 1197 2046 1521 2113; x_wconf 90' lang='lat' dir='ltr'>quicumque</span> <span class='ocrx_word' id='word_1_191' title='bbox 1559 2048 1716 2097; x_wconf 87' lang='lat' dir='ltr'>natus</span> <span class='ocrx_word' id='word_1_192' title='bbox 1756 2045 1933 2115; x_wconf 83' lang='lat' dir='ltr'>fuerit,</span> 
     </span>
    </p>
   </div>
   <div class='ocr_carea' id='block_1_6' title="bbox 242 2204 1932 2971">
    <p class='ocr_par' dir='ltr' id='par_1_6' title="bbox 242 2204 1932 2971">
     <span class='ocr_line' id='line_1_26' title="bbox 366 2204 1932 2260; baseline 0 -12"><span class='ocrx_word' id='word_1_193' title='bbox 366 2211 386 2248; x_wconf 93' lang='lat'>1</span> <span class='ocrx_word' id='word_1_194' title='bbox 422 2206 527 2250; x_wconf 79' lang='lat' dir='ltr'>add.</span> <span class='ocrx_word' id='word_1_195' title='bbox 562 2209 623 2258; x_wconf 79' lang='grc' dir='ltr'>κζ</span> <span class='ocrx_word' id='word_1_196' title='bbox 658 2207 710 2250; x_wconf 84' lang='lat' dir='ltr'>cl.</span> <span class='ocrx_word' id='word_1_197' title='bbox 744 2207 778 2248; x_wconf 91' lang='grc' dir='ltr'><em>Ι</em></span> <span class='ocrx_word' id='word_1_198' title='bbox 801 2208 876 2259; x_wconf 78' lang='lat'>25,</span> <span class='ocrx_word' id='word_1_199' title='bbox 901 2219 923 2248; x_wconf 84' lang='lat'><strong><em>6</em></strong></span> <span class='ocrx_word' id='word_1_200' title='bbox 1044 2210 1068 2247; x_wconf 87' lang='grc'><strong>2</strong></span> <span class='ocrx_word' id='word_1_201' title='bbox 1103 2207 1150 2247; x_wconf 89' lang='lat' dir='ltr'>et</span> <span class='ocrx_word' id='word_1_202' title='bbox 1179 2206 1233 2248; x_wconf 90' lang='lat' dir='ltr'>ut</span> <span class='ocrx_word' id='word_1_203' title='bbox 1262 2209 1301 2247; x_wconf 78' lang='lat' dir='ltr'>N</span> <span class='ocrx_word' id='word_1_204' title='bbox 1358 2206 1364 2260; x_wconf 85' lang='grc' dir='ltr'>Ι</span> <span class='ocrx_word' id='word_1_205' title='bbox 1420 2204 1636 2248; x_wconf 85' lang='lat' dir='ltr'>laceratis</span> <span class='ocrx_word' id='word_1_206' title='bbox 1670 2205 1861 2248; x_wconf 82' lang='lat' dir='ltr'>artubus</span> <span class='ocrx_word' id='word_1_207' title='bbox 1893 2210 1932 2247; x_wconf 76' lang='lat' dir='ltr'>N</span> 
     </span>
     <span class='ocr_line' id='line_1_27' title="bbox 242 2263 1930 2320; baseline -0.001 -12"><span class='ocrx_word' id='word_1_208' title='bbox 242 2265 439 2308; x_wconf 80' lang='lat' dir='ltr'>lacerati</span> <span class='ocrx_word' id='word_1_209' title='bbox 464 2266 591 2308; x_wconf 86' lang='lat' dir='ltr'>artus</span> <span class='ocrx_word' id='word_1_210' title='bbox 617 2266 640 2317; x_wconf 82' lang='grc' dir='ltr'><em>ζ</em></span> <span class='ocrx_word' id='word_1_211' title='bbox 759 2269 784 2307; x_wconf 83' lang='grc'><em>5</em></span> <span class='ocrx_word' id='word_1_212' title='bbox 816 2265 869 2307; x_wconf 82' lang='grc'>111</span> <span class='ocrx_word' id='word_1_213' title='bbox 892 2266 1026 2320; x_wconf 87' lang='lat' dir='ltr'>parte</span> <span class='ocrx_word' id='word_1_214' title='bbox 1051 2263 1168 2308; x_wconf 89' lang='lat' dir='ltr'><strong>VIII.</strong></span> <span class='ocrx_word' id='word_1_215' title='bbox 1195 2264 1362 2307; x_wconf 87' lang='lat' dir='ltr'>Librae</span> <span class='ocrx_word' id='word_1_216' title='bbox 1387 2266 1427 2307; x_wconf 94' lang='grc' dir='ltr'><em>Δ</em></span> <span class='ocrx_word' id='word_1_217' title='bbox 1472 2266 1477 2320; x_wconf 90' lang='grc' dir='ltr'>Ι</span> <span class='ocrx_word' id='word_1_218' title='bbox 1528 2265 1632 2308; x_wconf 83' lang='lat' dir='ltr'>add.</span> <span class='ocrx_word' id='word_1_219' title='bbox 1661 2278 1686 2308; x_wconf 84' lang='lat'>6</span> <span class='ocrx_word' id='word_1_220' title='bbox 1807 2269 1831 2307; x_wconf 85' lang='lat'>6</span> <span class='ocrx_word' id='word_1_221' title='bbox 1863 2264 1930 2308; x_wconf 89' lang='lat' dir='ltr'>io-</span> 
     </span>
     <span class='ocr_line' id='line_1_28' title="bbox 246 2323 1931 2382; baseline -0.001 -16"><span class='ocrx_word' id='word_1_222' title='bbox 246 2324 425 2367; x_wconf 81' lang='lat' dir='ltr'>culator</span> <span class='ocrx_word' id='word_1_223' title='bbox 448 2329 528 2366; x_wconf 80' lang='lat' dir='ltr'>An</span> <span class='ocrx_word' id='word_1_224' title='bbox 557 2327 562 2379; x_wconf 86' lang='grc' dir='ltr'>Ι</span> <span class='ocrx_word' id='word_1_225' title='bbox 592 2323 871 2380; x_wconf 83' lang='lat' dir='ltr'>sagittarum</span> <span class='ocrx_word' id='word_1_226' title='bbox 892 2324 958 2382; x_wconf 91' lang='grc' dir='ltr'>Γ]</span> <span class='ocrx_word' id='word_1_227' title='bbox 983 2323 1236 2380; x_wconf 85' lang='lat' dir='ltr'>sagittator</span> <span class='ocrx_word' id='word_1_228' title='bbox 1260 2325 1300 2366; x_wconf 93' lang='grc' dir='ltr'><em>Δ</em></span> <span class='ocrx_word' id='word_1_229' title='bbox 1425 2327 1448 2366; x_wconf 85' lang='lat'><strong>7</strong></span> <span class='ocrx_word' id='word_1_230' title='bbox 1475 2323 1792 2377; x_wconf 81' lang='lat' dir='ltr'>moderatione</span> <span class='ocrx_word' id='word_1_231' title='bbox 1818 2323 1931 2367; x_wconf 81' lang='lat' dir='ltr'>arti—</span> 
     </span>
     <span class='ocr_line' id='line_1_29' title="bbox 242 2381 1930 2439; baseline 0 -13"><span class='ocrx_word' id='word_1_232' title='bbox 242 2384 336 2426; x_wconf 89' lang='lat' dir='ltr'>ficii</span> <span class='ocrx_word' id='word_1_233' title='bbox 362 2386 401 2426; x_wconf 95' lang='lat' dir='ltr'><em>A</em></span> <span class='ocrx_word' id='word_1_234' title='bbox 526 2387 550 2425; x_wconf 87' lang='grc'>9</span> <span class='ocrx_word' id='word_1_235' title='bbox 577 2396 654 2426; x_wconf 85' lang='lat' dir='ltr'>eos</span> <span class='ocrx_word' id='word_1_236' title='bbox 679 2383 793 2439; x_wconf 84' lang='lat' dir='ltr'>figat</span> <span class='ocrx_word' id='word_1_237' title='bbox 821 2385 868 2426; x_wconf 91' lang='grc' dir='ltr'>Γ</span> <span class='ocrx_word' id='word_1_238' title='bbox 893 2382 1096 2438; x_wconf 86' lang='lat' dir='ltr'>configat</span> <span class='ocrx_word' id='word_1_239' title='bbox 1119 2399 1146 2426; x_wconf 78' lang='grc' dir='ltr'><strong>κ</strong></span> <span class='ocrx_word' id='word_1_240' title='bbox 1270 2386 1325 2425; x_wconf 90' lang='grc'>10</span> <span class='ocrx_word' id='word_1_241' title='bbox 1357 2381 1500 2426; x_wconf 83' lang='lat' dir='ltr'>fuerit</span> <span class='ocrx_word' id='word_1_242' title='bbox 1522 2396 1605 2427; x_wconf 83' lang='lat' dir='ltr'>om.</span> <span class='ocrx_word' id='word_1_243' title='bbox 1628 2385 1675 2426; x_wconf 91' lang='grc' dir='ltr'>Γ</span> <span class='ocrx_word' id='word_1_244' title='bbox 1719 2387 1724 2436; x_wconf 86' lang='grc' dir='ltr'>Ι</span> <span class='ocrx_word' id='word_1_245' title='bbox 1776 2385 1822 2425; x_wconf 81' lang='lat' dir='ltr'>et</span> <span class='ocrx_word' id='word_1_246' title='bbox 1846 2397 1930 2427; x_wconf 83' lang='lat' dir='ltr'>om.</span> 
     </span>
     <span class='ocr_line' id='line_1_30' title="bbox 244 2441 1931 2500; baseline -0.001 -16"><span class='ocrx_word' id='word_1_247' title='bbox 244 2442 295 2484; x_wconf 86' lang='lat' dir='ltr'>A&#39;</span> <span class='ocrx_word' id='word_1_248' title='bbox 338 2445 343 2498; x_wconf 74' lang='grc' dir='ltr'><strong>ι</strong></span> <span class='ocrx_word' id='word_1_249' title='bbox 386 2441 627 2485; x_wconf 89' lang='lat' dir='ltr'>benivolae</span> <span class='ocrx_word' id='word_1_250' title='bbox 653 2441 889 2500; x_wconf 80' lang='lat' dir='ltr'>(stellae)</span> <span class='ocrx_word' id='word_1_251' title='bbox 916 2455 941 2484; x_wconf 90' lang='grc' dir='ltr'>σ</span> <span class='ocrx_word' id='word_1_252' title='bbox 1063 2446 1116 2484; x_wconf 95' lang='grc'>12</span> <span class='ocrx_word' id='word_1_253' title='bbox 1144 2455 1329 2484; x_wconf 84' lang='lat' dir='ltr'>acervos</span> <span class='ocrx_word' id='word_1_254' title='bbox 1355 2442 1493 2486; x_wconf 78' lang='lat' dir='ltr'>deleto</span> <span class='ocrx_word' id='word_1_255' title='bbox 1518 2441 1725 2485; x_wconf 89' lang='lat' dir='ltr'>cumulos</span> <span class='ocrx_word' id='word_1_256' title='bbox 1749 2444 1774 2493; x_wconf 84' lang='grc' dir='ltr'><em>ζ</em></span> <span class='ocrx_word' id='word_1_257' title='bbox 1813 2444 1817 2498; x_wconf 87' lang='grc' dir='ltr'>Ι</span> <span class='ocrx_word' id='word_1_258' title='bbox 1859 2441 1931 2483; x_wconf 90' lang='lat' dir='ltr'>in-</span> 
     </span>
     <span class='ocr_line' id='line_1_31' title="bbox 243 2499 1929 2558; baseline -0.001 -14"><span class='ocrx_word' id='word_1_259' title='bbox 243 2501 375 2544; x_wconf 88' lang='lat' dir='ltr'>finito</span> <span class='ocrx_word' id='word_1_260' title='bbox 399 2502 500 2558; x_wconf 71' lang='lat' dir='ltr'>nos]</span> <span class='ocrx_word' id='word_1_261' title='bbox 527 2499 734 2544; x_wconf 86' lang='lat' dir='ltr'>infinitos</span> <span class='ocrx_word' id='word_1_262' title='bbox 858 2504 910 2543; x_wconf 89' lang='lat'>13</span> <span class='ocrx_word' id='word_1_263' title='bbox 945 2500 1108 2543; x_wconf 85' lang='lat' dir='ltr'>dextra</span> <span class='ocrx_word' id='word_1_264' title='bbox 1130 2505 1169 2542; x_wconf 79' lang='lat' dir='ltr'>N</span> <span class='ocrx_word' id='word_1_265' title='bbox 1292 2505 1345 2543; x_wconf 89' lang='lat'>14</span> <span class='ocrx_word' id='word_1_266' title='bbox 1378 2500 1503 2543; x_wconf 88' lang='lat' dir='ltr'>Mars</span> <span class='ocrx_word' id='word_1_267' title='bbox 1527 2514 1632 2544; x_wconf 89' lang='lat' dir='ltr'>vero</span> <span class='ocrx_word' id='word_1_268' title='bbox 1661 2502 1707 2543; x_wconf 92' lang='grc' dir='ltr'>Γ</span> <span class='ocrx_word' id='word_1_269' title='bbox 1743 2502 1749 2557; x_wconf 82' lang='grc' dir='ltr'>Ι</span> <span class='ocrx_word' id='word_1_270' title='bbox 1793 2500 1929 2544; x_wconf 85' lang='lat' dir='ltr'>assis-</span> 
     </span>
     <span class='ocr_line' id='line_1_32' title="bbox 243 2559 1868 2615; baseline -0.001 -12"><span class='ocrx_word' id='word_1_271' title='bbox 243 2562 372 2604; x_wconf 82' lang='lat' dir='ltr'>tente</span> <span class='ocrx_word' id='word_1_272' title='bbox 404 2559 453 2602; x_wconf 78' lang='lat' dir='ltr'>A&#39;</span> <span class='ocrx_word' id='word_1_273' title='bbox 593 2564 646 2602; x_wconf 87' lang='lat'>16</span> <span class='ocrx_word' id='word_1_274' title='bbox 679 2559 821 2603; x_wconf 85' lang='lat' dir='ltr'>faciet</span> <span class='ocrx_word' id='word_1_275' title='bbox 851 2562 891 2602; x_wconf 96' lang='lat' dir='ltr'><em>A</em></span> <span class='ocrx_word' id='word_1_276' title='bbox 944 2561 949 2614; x_wconf 86' lang='grc' dir='ltr'>Ι</span> <span class='ocrx_word' id='word_1_277' title='bbox 999 2559 1287 2615; x_wconf 84' lang='lat' dir='ltr'>voluptatem</span> <span class='ocrx_word' id='word_1_278' title='bbox 1319 2576 1346 2602; x_wconf 81' lang='grc' dir='ltr'><strong>κ</strong></span> <span class='ocrx_word' id='word_1_279' title='bbox 1484 2564 1536 2603; x_wconf 82' lang='grc'>17</span> <span class='ocrx_word' id='word_1_280' title='bbox 1570 2559 1796 2603; x_wconf 76' lang='lat' dir='ltr'>iacturam</span> <span class='ocrx_word' id='word_1_281' title='bbox 1828 2562 1868 2602; x_wconf 97' lang='lat' dir='ltr'><em>A</em></span> 
     </span>
     <span class='ocr_line' id='line_1_33' title="bbox 247 2617 1870 2676; baseline -0.001 -14"><span class='ocrx_word' id='word_1_282' title='bbox 247 2624 299 2662; x_wconf 87' lang='lat'>19</span> <span class='ocrx_word' id='word_1_283' title='bbox 335 2619 447 2674; x_wconf 82' lang='lat' dir='ltr'>Styx</span> <span class='ocrx_word' id='word_1_284' title='bbox 481 2619 598 2676; x_wconf 84' lang='lat' dir='ltr'>esse]</span> <span class='ocrx_word' id='word_1_285' title='bbox 632 2618 723 2661; x_wconf 85' lang='lat' dir='ltr'>stix</span> <span class='ocrx_word' id='word_1_286' title='bbox 751 2631 849 2661; x_wconf 86' lang='lat' dir='ltr'>esse</span> <span class='ocrx_word' id='word_1_287' title='bbox 873 2617 976 2660; x_wconf 79' lang='lat' dir='ltr'>D²G</span> <span class='ocrx_word' id='word_1_288' title='bbox 1007 2618 1191 2661; x_wconf 79' lang='lat' dir='ltr'>stixisse</span> <span class='ocrx_word' id='word_1_289' title='bbox 1216 2622 1253 2660; x_wconf 83' lang='lat' dir='ltr'>A</span> <span class='ocrx_word' id='word_1_290' title='bbox 1285 2631 1363 2661; x_wconf 89' lang='lat' dir='ltr'>sex</span> <span class='ocrx_word' id='word_1_291' title='bbox 1388 2631 1487 2662; x_wconf 84' lang='lat' dir='ltr'>esse</span> <span class='ocrx_word' id='word_1_292' title='bbox 1511 2619 1569 2661; x_wconf 73' lang='lat'>1³¹</span> <span class='ocrx_word' id='word_1_293' title='bbox 1602 2633 1685 2662; x_wconf 87' lang='lat' dir='ltr'>sux</span> <span class='ocrx_word' id='word_1_294' title='bbox 1709 2631 1808 2661; x_wconf 84' lang='lat' dir='ltr'>csse</span> <span class='ocrx_word' id='word_1_295' title='bbox 1831 2622 1870 2659; x_wconf 75' lang='lat' dir='ltr'>N</span> 
     </span>
     <span class='ocr_line' id='line_1_34' title="bbox 247 2677 1930 2735; baseline 0.001 -15"><span class='ocrx_word' id='word_1_296' title='bbox 247 2683 301 2720; x_wconf 87' lang='lat'>20</span> <span class='ocrx_word' id='word_1_297' title='bbox 325 2678 375 2720; x_wconf 92' lang='lat' dir='ltr'>id</span> <span class='ocrx_word' id='word_1_298' title='bbox 401 2678 488 2735; x_wconf 87' lang='lat' dir='ltr'>est]</span> <span class='ocrx_word' id='word_1_299' title='bbox 514 2679 596 2720; x_wconf 87' lang='lat' dir='ltr'>sed</span> <span class='ocrx_word' id='word_1_300' title='bbox 618 2695 645 2720; x_wconf 84' lang='grc' dir='ltr'>κ</span> <span class='ocrx_word' id='word_1_301' title='bbox 684 2680 689 2734; x_wconf 89' lang='grc' dir='ltr'>Ι</span> <span class='ocrx_word' id='word_1_302' title='bbox 729 2677 940 2734; x_wconf 81' lang='lat' dir='ltr'>Stygem]</span> <span class='ocrx_word' id='word_1_303' title='bbox 967 2679 1144 2732; x_wconf 84' lang='lat' dir='ltr'>stycem</span> <span class='ocrx_word' id='word_1_304' title='bbox 1162 2682 1196 2719; x_wconf 84' lang='lat' dir='ltr'><strong>G</strong></span> <span class='ocrx_word' id='word_1_305' title='bbox 1220 2677 1383 2720; x_wconf 90' lang='lat' dir='ltr'>sticem</span> <span class='ocrx_word' id='word_1_306' title='bbox 1401 2680 1487 2720; x_wconf 84' lang='lat' dir='ltr'>AA</span> <span class='ocrx_word' id='word_1_307' title='bbox 1513 2678 1570 2731; x_wconf 81' lang='lat' dir='ltr'>cf.</span> <span class='ocrx_word' id='word_1_308' title='bbox 1594 2678 1702 2722; x_wconf 77' lang='lat' dir='ltr'>Bon</span> <span class='ocrx_word' id='word_1_309' title='bbox 1726 2677 1930 2732; x_wconf 75' lang='lat' dir='ltr'>Sphaera</span> 
     </span>
     <span class='ocr_line' id='line_1_35' title="bbox 243 2735 1930 2794; baseline -0.001 -14"><span class='ocrx_word' id='word_1_310' title='bbox 243 2740 336 2780; x_wconf 78' lang='lat'>246</span> <span class='ocrx_word' id='word_1_311' title='bbox 343 2751 433 2793; x_wconf 80' lang='lat' dir='ltr'>sqq.</span> <span class='ocrx_word' id='word_1_312' title='bbox 454 2740 543 2780; x_wconf 90' lang='lat'>563</span> <span class='ocrx_word' id='word_1_313' title='bbox 561 2737 748 2794; x_wconf 82' lang='lat' dir='ltr'>(mastix</span> <span class='ocrx_word' id='word_1_314' title='bbox 764 2742 805 2781; x_wconf 81' lang='lat' dir='ltr'>et</span> <span class='ocrx_word' id='word_1_315' title='bbox 819 2736 1067 2793; x_wconf 70' lang='lat' dir='ltr'>mastigam</span> <span class='ocrx_word' id='word_1_316' title='bbox 1085 2739 1128 2792; x_wconf 76' lang='lat' dir='ltr'>n)</span> <span class='ocrx_word' id='word_1_317' title='bbox 1166 2738 1170 2791; x_wconf 93' lang='grc' dir='ltr'>Ι</span> <span class='ocrx_word' id='word_1_318' title='bbox 1206 2736 1478 2779; x_wconf 84' lang='lat' dir='ltr'>caelestium</span> <span class='ocrx_word' id='word_1_319' title='bbox 1494 2736 1736 2779; x_wconf 90' lang='lat' dir='ltr'>numinum</span> <span class='ocrx_word' id='word_1_320' title='bbox 1751 2735 1930 2790; x_wconf 88' lang='lat' dir='ltr'>templa</span> 
     </span>
     <span class='ocr_line' id='line_1_36' title="bbox 244 2794 1928 2853; baseline -0.001 -15"><span class='ocrx_word' id='word_1_321' title='bbox 244 2795 463 2839; x_wconf 81' lang='lat' dir='ltr'>timentes</span> <span class='ocrx_word' id='word_1_322' title='bbox 487 2814 514 2839; x_wconf 89' lang='grc' dir='ltr'><strong>κ</strong></span> <span class='ocrx_word' id='word_1_323' title='bbox 539 2796 613 2853; x_wconf 80' lang='lat' dir='ltr'>(cf.</span> <span class='ocrx_word' id='word_1_324' title='bbox 639 2796 759 2840; x_wconf 73' lang='lat' dir='ltr'>Bon.</span> <span class='ocrx_word' id='word_1_325' title='bbox 785 2797 813 2839; x_wconf 81' lang='lat' dir='ltr'>l.</span> <span class='ocrx_word' id='word_1_326' title='bbox 837 2797 882 2851; x_wconf 83' lang='lat' dir='ltr'>Z.)</span> <span class='ocrx_word' id='word_1_327' title='bbox 1003 2800 1055 2838; x_wconf 89' lang='grc'>21</span> <span class='ocrx_word' id='word_1_328' title='bbox 1083 2796 1130 2837; x_wconf 90' lang='lat' dir='ltr'>in</span> <span class='ocrx_word' id='word_1_329' title='bbox 1157 2809 1239 2839; x_wconf 87' lang='lat' dir='ltr'>om.</span> <span class='ocrx_word' id='word_1_330' title='bbox 1268 2800 1302 2837; x_wconf 83' lang='lat' dir='ltr'>G</span> <span class='ocrx_word' id='word_1_331' title='bbox 1343 2798 1348 2851; x_wconf 79' lang='grc'>1</span> <span class='ocrx_word' id='word_1_332' title='bbox 1391 2795 1600 2838; x_wconf 86' lang='lat' dir='ltr'>timentis</span> <span class='ocrx_word' id='word_1_333' title='bbox 1622 2799 1662 2837; x_wconf 73' lang='lat' dir='ltr'>N</span> <span class='ocrx_word' id='word_1_334' title='bbox 1703 2796 1709 2850; x_wconf 87' lang='grc' dir='ltr'>Ι</span> <span class='ocrx_word' id='word_1_335' title='bbox 1753 2794 1928 2851; x_wconf 86' lang='lat' dir='ltr'>animo]</span> 
     </span>
     <span class='ocr_line' id='line_1_37' title="bbox 245 2853 1870 2911; baseline -0.001 -15"><span class='ocrx_word' id='word_1_336' title='bbox 245 2869 337 2897; x_wconf 88' lang='lat' dir='ltr'>non</span> <span class='ocrx_word' id='word_1_337' title='bbox 364 2859 434 2897; x_wconf 77' lang='lat' dir='ltr'>Ga</span> <span class='ocrx_word' id='word_1_338' title='bbox 555 2859 610 2897; x_wconf 83' lang='lat'>22</span> <span class='ocrx_word' id='word_1_339' title='bbox 643 2865 762 2909; x_wconf 83' lang='lat' dir='ltr'>quae</span> <span class='ocrx_word' id='word_1_340' title='bbox 786 2853 897 2911; x_wconf 68' lang='lat' dir='ltr'>sqq]</span> <span class='ocrx_word' id='word_1_341' title='bbox 929 2855 1217 2911; x_wconf 72' lang='lat' dir='ltr'>siqniftcatur</span> <span class='ocrx_word' id='word_1_342' title='bbox 1245 2856 1404 2898; x_wconf 71' lang='lat' dir='ltr'>anima</span> <span class='ocrx_word' id='word_1_343' title='bbox 1426 2856 1628 2898; x_wconf 75' lang='lat' dir='ltr'>humana</span> <span class='ocrx_word' id='word_1_344' title='bbox 1676 2855 1683 2909; x_wconf 91' lang='grc' dir='ltr'>Ι</span> <span class='ocrx_word' id='word_1_345' title='bbox 1733 2854 1814 2897; x_wconf 82' lang='lat' dir='ltr'>del.</span> <span class='ocrx_word' id='word_1_346' title='bbox 1841 2868 1870 2895; x_wconf 83' lang='lat' dir='ltr'>v</span> 
     </span>
     <span class='ocr_line' id='line_1_38' title="bbox 246 2913 1663 2971; baseline -0.001 -15"><span class='ocrx_word' id='word_1_347' title='bbox 246 2918 299 2956; x_wconf 84' lang='lat'>23</span> <span class='ocrx_word' id='word_1_348' title='bbox 335 2913 480 2957; x_wconf 85' lang='lat' dir='ltr'>oritur</span> <span class='ocrx_word' id='word_1_349' title='bbox 510 2913 698 2956; x_wconf 86' lang='lat' dir='ltr'>Haedus</span> <span class='ocrx_word' id='word_1_350' title='bbox 729 2914 777 2971; x_wconf 85' lang='lat' dir='ltr'>v]</span> <span class='ocrx_word' id='word_1_351' title='bbox 811 2913 956 2956; x_wconf 86' lang='lat' dir='ltr'>oritur</span> <span class='ocrx_word' id='word_1_352' title='bbox 988 2926 1070 2956; x_wconf 85' lang='lat' dir='ltr'>om.</span> <span class='ocrx_word' id='word_1_353' title='bbox 1105 2917 1141 2954; x_wconf 82' lang='lat' dir='ltr'>A</span> <span class='ocrx_word' id='word_1_354' title='bbox 1180 2913 1367 2956; x_wconf 87' lang='lat' dir='ltr'>Haedus</span> <span class='ocrx_word' id='word_1_355' title='bbox 1401 2913 1546 2956; x_wconf 84' lang='lat' dir='ltr'>oritur</span> <span class='ocrx_word' id='word_1_356' title='bbox 1576 2915 1616 2955; x_wconf 96' lang='lat' dir='ltr'><em>A</em></span> <span class='ocrx_word' id='word_1_357' title='bbox 1628 2916 1663 2954; x_wconf 80' lang='lat' dir='ltr'>G</span> 
     </span>
    </p>
   </div>
  </div>
 </body>
</html>
