2078 3174
253 102 356 156 128
995 103 1225 148 FIRMIOI

249 243 467 277 suorum
500 228 701 278 secreta
733 226 840 277 alta
872 242 1080 294 semper
1109 225 1473 278 taciturnitate
1505 227 1748 279 celanteS.
1789 226 1940 279 Facit

249 300 410 351 etiam
436 317 500 351 ex
525 299 670 351 omni
695 298 900 351 ratione
926 299 1207 367 sollicitOS,
1226 303 1278 352 et
1303 299 1396 368 qui
1413 299 1591 352 omnia
1607 300 1747 352 vitae
1765 301 1941 354 officia

248 373 495 443 pervigili
536 374 860 443 cogitatione
899 341 1248 442 pertractent,
1287 373 1342 425 in
1383 374 1629 427 omnibus
1669 391 1938 427 sacrorum

248 447 599 532 religionibus
639 447 1009 531 superstitiosa
1048 447 1403 516 trepidatione
1443 449 1725 516 sollicitOS,
1772 449 1936 517 suspi

250 522 423 574 ciosos
470 524 524 572 et
571 522 663 590 qui
710 521 870 574 etiam
919 522 977 573 in
1014 521 1238 573 modicis
1276 521 1434 574 rebus
1473 523 1621 575 varia
1659 490 1767 574 siiit
1805 540 1940 575 sem-
1986 542 2006 574 5

248 613 343 664 per
382 595 715 648 dubitatione
755 596 988 649 solliciti.
1066 594 1124 648 Si
1170 614 1294 648 vero
1341 595 1505 649 fuerit
1543 596 1836 648 Mercurius
1885 597 1940 648 in

199 673 231 739 3
250 669 515 723 matutino
565 674 684 722 ortu
733 668 1054 722 constitutus
1106 673 1159 722 et
1203 674 1407 722 rectum
1457 688 1642 723 cursus
1684 671 1766 723 sui
1806 671 1942 723 ordi-

249 761 370 795 nem
403 762 635 813 servans,
666 744 721 795 in
755 744 1005 796 omnibus
1036 744 1269 814 negotiis
1302 744 1537 797 decernit
1568 744 1942 814 principatum,

249 817 450 871 faciens
489 818 556 870 ad
595 836 751 870 omne
791 817 1008 870 iubendi
1049 818 1285 871 officium
1326 822 1714 889 praeparatum,
1758 822 1811 871 et
1850 820 1941 887 qui

248 892 402 944 liberi
442 893 700 944 sermonis
740 896 1052 944 ornamenta
1091 891 1487 962 circumferant,
1533 893 1716 946 felices
1755 897 1809 945 et
1848 893 1940 961 qui
1968 913 2008 944 ιο

250 966 429 1018 omnia
470 966 728 1019 desideria
766 985 1023 1034 prospere
1063 970 1467 1035 consequantur.
1547 965 1651 1019 Sed
1695 966 1752 1018 hi
1798 967 1939 1019 futu-

248 1059 427 1092 rorum
477 1040 716 1093 ordinem
765 1040 944 1093 divina
989 1041 1184 1092 mentis
1236 1041 1581 1111 instigatione
1618 1040 1940 1109 perdiscunt.

248 1114 424 1167 Erunt
464 1133 588 1167 sane
628 1114 867 1184 religiosi
906 1114 1035 1167 iusti
1074 1116 1304 1167 cultores
1344 1115 1586 1183 deorum,
1635 1116 1942 1184 frequenter

250 1188 530 1241 antistites.
617 1187 720 1241 Sed
766 1188 849 1242 his
902 1207 967 1240 ex
1015 1188 1120 1240 ista
1172 1189 1544 1242 coniunctione
1600 1190 1760 1242 etiam
1810 1189 1940 1241 felix

247 1262 482 1315 filiorum
523 1263 821 1315 decernitur
861 1263 1086 1315 soboles.
1965 1284 2006 1315 15

195 1342 230 1393 4
361 1336 768 1408 [Coniunctio
819 1336 988 1390 Solis
1035 1340 1095 1389 et
1139 1337 1389 1407 Lunae]
1444 1337 1500 1390 Si
1550 1336 1644 1390 Sol
1690 1341 1743 1390 et
1788 1337 1942 1390 Luna

248 1411 303 1463 in
351 1411 535 1463 eodem
584 1413 738 1481 signo
786 1412 987 1480 pariter
1042 1412 1322 1464 constituti
1374 1411 1619 1481 [fuerint]
1673 1412 1938 1480 aequabili

249 1486 519 1538 societatis
565 1489 832 1555 potestate
880 1486 1185 1556 iungantur,
1232 1489 1286 1538 et
1333 1486 1404 1538 sit
1450 1486 1640 1538 diurna
1678 1486 1940 1556 genitura,

247 1560 408 1612 faciet
453 1559 556 1611 ista
604 1559 907 1612 coniunctio
957 1563 1130 1619 erecta
1177 1560 1459 1629 potestatis
1505 1560 1720 1612 licentia
1768 1560 1939 1612 suble—

248 1637 415 1700 vatOS,
447 1637 500 1687 et
532 1634 623 1703 qui
657 1653 812 1687 omne
843 1633 1059 1686 iubendi
1091 1634 1328 1686 officium
1361 1652 1481 1686 cum
1513 1635 1744 1686 maxima
1774 1634 1938 1686 animi
1965 1655 2007 1685 20

251 1709 551 1760 constantia
606 1711 659 1760 et
713 1727 832 1762 cum
888 1708 1132 1761 maximis
1188 1712 1519 1777 exequantur
1572 1708 1792 1760 viribus,
1883 1707 1940 1760 Si

249 1801 373 1835 vero
428 1783 590 1835 fuerit
642 1785 905 1835 nocturna
958 1783 1224 1852 genitura,
1279 1787 1331 1835 et
1385 1782 1556 1835 adhuc
1610 1782 1750 1834 intra
1799 1781 1938 1835 Solis

250 1857 432 1910 orbem
472 1856 727 1908 destituta
764 1856 1056 1909 luminibus
1096 1856 1247 1909 Luna
1284 1856 1573 1924 claudatur,
1612 1874 1708 1909 nec
1740 1858 1938 1909 renatis

248 1930 540 1983 luminibus
590 1931 797 1984 deserto
847 1929 987 1983 Solis
1035 1931 1160 1983 orbe
1206 1931 1457 2000 lucescat,
1504 1930 1663 1982 faciet
1709 1930 1938 1983 humiles

251 2005 481 2058 deiectos
537 2007 589 2057 et
641 2005 786 2057 omni
836 2004 1081 2057 licentiae
1132 2007 1399 2073 potestate
1450 2004 1739 2072 subiectOS‚
1795 2004 1939 2057 inbe-
1963 2024 2004 2057 25

252 2079 398 2132 cilles
437 2078 659 2148 viribuS‚
700 2083 753 2131 et
786 2080 932 2132 omni
963 2079 1179 2131 virtutis
1212 2079 1478 2147 praesidio
1513 2078 1811 2131 destitutos.
1882 2077 1939 2131 Si

199 2155 372 2207 5vero
429 2154 636 2206 deserto
693 2151 833 2206 Solis
889 2153 1014 2205 orbe
1077 2157 1130 2204 et
1191 2153 1522 2206 antecedenti
1576 2153 1824 2222 angustia
1876 2152 1938 2204 li-

371 2275 394 2312 6
429 2274 616 2323 176,19
649 2270 733 2313 συν
767 2268 818 2313 δὲ
837 2267 982 2327 Ερμῆ
1017 2267 1081 2313 ὢν
1115 2269 1191 2313 ἐπὶ
1224 2267 1338 2327 ἑῴας
1370 2267 1598 2324 ἂνατολης
1621 2268 1703 2312 καὶ
1727 2265 1939 2322 ἑσπερίοις

251 2331 307 2383 (κ.
337 2328 368 2372 ἑ.
396 2334 479 2372 aut
509 2329 591 2372 del.
618 2334 700 2371 aut
731 2329 908 2380 δύσεως
938 2330 1043 2373 add.
1071 2331 1113 2382 κ)
1153 2315 1552 2383 πεπαιδευμένους
1591 2325 1619 2383 ἠ
1660 2334 1939 2384 γραμματεῖς

252 2389 299 2440 ἐξ
332 2385 576 2445 ἀγχινοίας
606 2390 919 2438 πλουτοῦντας
943 2388 1020 2431 καὶ
1048 2388 1396 2444 εὐπραγοῦντας
1419 2387 1498 2430 καὶ
1522 2386 1671 2431 ἄλλων
1696 2386 1934 2443 ἄρχοντας.

372 2450 470 2500 128,
499 2451 624 2489 16-
647 2452 745 2500 129,
771 2451 826 2489 20
859 2462 940 2491 om.
972 2447 1114 2490 Catal.

373 2556 394 2593 1
430 2549 525 2594 alta
557 2550 602 2607 κ]
637 2549 730 2593 alia
761 2555 799 2592 N
842 2552 847 2606 Ι
891 2550 1095 2594 celantes
1122 2550 1166 2607 κ]
1200 2548 1402 2592 calentes
1434 2550 1494 2590 Ν1
1535 2548 1824 2592 callentesN
1832 2548 1848 2572 2

252 2615 276 2653 2
304 2623 357 2653 ex
383 2610 465 2654 del.
493 2612 516 2661 ζ
628 2617 651 2650 9
678 2623 859 2652 omnem
884 2614 922 2650 N
946 2624 1058 2653 corr.
1078 2627 1105 2652 κ
1221 2613 1273 2651 12
1300 2609 1513 2651 ordinum
1538 2613 1576 2649 N
1600 2622 1711 2652 emur
1731 2625 1757 2650 κ
1793 2610 1798 2663 Ι
1834 2622 1936 2662 per-

252 2670 437 2713 discunt
467 2673 505 2710 N
643 2673 694 2711 13
728 2669 994 2723 frequenter
1025 2669 1071 2726 u]
1104 2667 1398 2710 vehementer
1542 2671 1596 2709 14
1630 2666 1862 2709 antistites
1894 2666 1935 2723 ζ]

252 2728 504 2784 amplifices
536 2732 575 2769 N
697 2733 750 2770 15
785 2728 1094 2770 decernuntur
1124 2732 1163 2769 N
1205 2740 1316 2770 corr.
1350 2729 1374 2778 ζ
1495 2731 1545 2769 17
1580 2726 1662 2769 del.
1696 2727 1719 2777 ζ
1762 2724 1936 2768 fuerint

252 2789 370 2846 (et)
403 2802 428 2830 σ
571 2791 625 2829 20
659 2801 841 2830 omnem
872 2791 910 2828 N
943 2801 1053 2831 corr.
1087 2803 1113 2829 κ
1171 2789 1176 2842 Ι
1235 2798 1337 2828 cum
1370 2785 1411 2842 ζ]
1444 2785 1524 2840 qui
1554 2789 1593 2826 N
1743 2788 1796 2827 21
1831 2797 1935 2826 exe-

252 2850 455 2901 quuntur
477 2851 516 2888 N
547 2850 717 2899 σοφή-κζ
747 2849 842 2902 (qui
873 2852 914 2890 et
942 2846 1023 2889 vir.
1057 2846 1235 2901 exequ.)
1372 2848 1426 2886 25
1460 2843 1706 2899 potestatis
1738 2857 1763 2885 σ
1805 2844 1934 2898 pote-

253 2907 364 2949 stati
397 2911 421 2958 ζ
538 2911 590 2948 27
626 2909 736 2961 apte
769 2904 950 2948 cedenti
985 2919 1088 2962 ang.
1123 2905 1270 2948 libera
1300 2907 1339 2944 N
1370 2917 1483 2947 corr.
1516 2920 1542 2945 κ
