2090 3198
815 143 923 188 VIII
953 147 1025 198 29,
1049 155 1164 187 2—7.
1733 142 1840 196 349

145 283 292 334 pum,
340 265 442 317 erit
490 268 724 317 structor
770 263 1009 332 sculptor
1058 262 1396 316 architectus,
1473 261 1538 316 In
1583 262 1646 315 X.
1685 266 1840 332 parte

146 338 372 407 Aquarii
409 338 731 408 quicumque
761 336 1012 390 habuerit
1042 337 1419 406 horoscopum,
1458 338 1506 390 si
1535 336 1680 389 Mars
1714 355 1839 405 qua-

146 411 283 465 libet
334 413 630 465 radiatione
685 412 1002 466 coniunctus
1055 411 1235 478 fuerit,
1279 411 1440 463 faciet
1488 410 1840 479 balneatoreS,

148 487 240 556 qui
278 488 336 539 in
373 487 547 555 prima
585 488 757 539 aetate
803 486 1113 538 morientur.
1189 483 1255 537 In
1292 483 1383 538 XI.
1422 487 1574 554 parte
1614 483 1839 553 Aquarii

101 582 121 615 ε
147 561 466 629 quicumque
498 559 785 612 habuerint
817 560 1195 628 horoscopum,
1234 560 1291 612 in
1326 558 1543 628 aquosis
1581 557 1715 612 locis
1752 558 1839 612 vel

150 635 205 686 in
243 634 479 687 humidis
518 635 828 687 morientur.
883 631 943 686 Si
979 651 1107 686 vero
1147 633 1205 685 in
1235 633 1433 687 vertice
1472 651 1636 686 urnae
1675 633 1838 686 fuerit

146 708 493 777 horoscopuS,
525 711 683 760 erunt
712 707 919 760 medici.
976 706 1180 770 Quodsi
1210 706 1472 760 Saturnus
1505 725 1838 776 quacumque

145 783 310 835 fuerit
354 783 650 835 radiatione
699 781 1030 851 coniunctus,
1076 785 1234 834 erunt
1277 781 1627 851 pollinctores
1666 785 1721 834 et
1758 781 1838 832 fu-

146 856 358 924 nerarii,
412 856 607 925 quibus
662 855 967 924 sepulturae
1022 855 1201 909 officia
1247 855 1543 908 credantur.
1618 854 1683 907 In
1720 853 1837 907 XII.
1857 855 1890 907 6

80 952 122 983 ιο
146 934 298 1000 parte
352 929 576 999 Aquarii
630 931 955 999 quicumque
1008 930 1258 982 habuerit
1311 930 1684 999 horoscopum,
1737 930 1840 982 erit

146 1005 382 1073 piscator
421 1004 485 1057 de
521 1004 658 1056 mari
688 1003 893 1057 habens
924 1004 1066 1056 vitae
1099 1003 1351 1057 subsidia.
1413 1002 1477 1056 In
1507 1001 1654 1055 XIII.
1687 1006 1838 1072 parte

144 1078 369 1146 Aquarii
409 1080 734 1147 quicumque
772 1078 1060 1131 habuerint
1096 1077 1472 1147 horoscopum,
1523 1081 1680 1130 erunt
1717 1077 1838 1130 hor-

144 1152 330 1220 tulani,
377 1154 463 1205 vel
510 1152 602 1220 qui
649 1152 857 1205 cloacas
906 1152 1186 1221 mundent3
1233 1152 1279 1204 si
1324 1170 1451 1205 vero
1498 1151 1642 1204 Mars
1689 1151 1838 1204 testi-

143 1227 386 1279 monium
432 1226 782 1296 perhibuerit,
825 1226 1177 1294 balneatoreS,
1216 1226 1263 1278 si
1303 1224 1580 1295 SaturnuS,
1619 1226 1837 1279 hausto-

80 1321 121 1354 15
146 1319 231 1353 res
263 1319 536 1370 aquarum.
591 1299 656 1353 In
678 1299 823 1355 XIV.
851 1303 1004 1370 parte
1027 1299 1255 1369 Aquarii
1287 1300 1611 1369 quicumque
1640 1299 1838 1352 habue-

143 1375 254 1427 rint
291 1375 663 1443 horoscopum,
702 1375 748 1428 si
787 1374 933 1427 Mars
981 1375 1031 1427 ei
1075 1374 1445 1428 testimonium
1491 1374 1838 1444 perhibuerit,

142 1449 303 1502 faciet
354 1449 656 1501 urinatores
710 1450 797 1502 vel
848 1452 1062 1518 nautas,
1116 1449 1208 1502 sed
1262 1449 1355 1518 qui
1403 1449 1576 1502 omnis
1638 1448 1837 1502 laboris

143 1539 301 1576 onere
354 1523 867 1593 praegravabantur.
953 1522 1015 1575 In
1068 1522 1184 1575 XV.
1230 1526 1383 1592 parte
1435 1522 1664 1591 Aquarii
1720 1523 1839 1591 qui—

144 1615 372 1666 cumque
394 1597 682 1650 habuerint
703 1598 1079 1667 horoscopum,
1098 1598 1292 1666 <erunt
1307 1596 1565 1650 laboriosi
1590 1597 1836 1666 operarii,

77 1692 120 1724 20
145 1670 202 1722 in
232 1670 467 1724 humidis
498 1671 584 1725 vel
615 1673 673 1724 in
702 1673 920 1740 aquosis
952 1672 1193 1725 viventes
1224 1671 1372 1724 locis.
1419 1670 1484 1723 In
1514 1671 1658 1725 XVI.
1684 1674 1836 1740 parte
1857 1671 1886 1722 7

143 1743 370 1814 Aquarii
403 1746 728 1814 quicumque
758 1746 1007 1798 habuerit
1039 1747 1400 1815 horoscopum
1433 1744 1585 1815 erit),
1626 1746 1836 1814 inpudi-

143 1837 237 1871 cus
291 1819 558 1888 cinaedus,
613 1820 703 1872 sed
760 1820 852 1889 qui
905 1820 1010 1873 hoc
1062 1819 1303 1872 libidinis
1357 1819 1552 1871 vitium
1605 1819 1834 1872 latenter

144 1897 397 1946 exerceat.
473 1891 536 1945 In
571 1892 742 1946 XVII.
773 1898 927 1963 parte
958 1893 1184 1963 Aquarii
1224 1894 1548 1963 quicumque
1586 1893 1836 1946 habuerit

143 1967 520 2036 horoscopum,
570 1968 614 2021 si
661 1968 803 2021 Mars
852 1969 901 2020 ei
949 1986 1282 2037 quacumque
1327 1968 1494 2020 fuerit
1539 1968 1835 2020 radiatione

78 2062 119 2094 25
144 2041 474 2111 coniunctus,
503 2043 775 2095 lanceatus
806 2042 1080 2095 morietur.
1128 2041 1190 2094 In
1221 2040 1419 2094 XVIII.
1444 2045 1598 2110 parte
1623 2042 1801 2110 Aqua·
1818 2053 2021 2097 sol-11³⁰!

266 2163 287 2200 1
315 2159 546 2202 astructor
569 2157 719 2201 cultor
742 2161 781 2201 Δ
812 2160 818 2214 Ι
844 2173 890 2214 p.
916 2157 969 2202 X.
996 2160 1036 2202 Δ
1160 2164 1185 2202 2
1217 2157 1437 2201 habuerit
1465 2159 1511 2201 Γ
1625 2163 1652 2200 4
1684 2157 1837 2213 prima

143 2218 277 2272 parte
309 2216 479 2262 aetatis
510 2221 549 2259 N
594 2216 747 2273 prima
778 2219 911 2273 parte
943 2219 1099 2261 aetate
1130 2222 1166 2260 D
1224 2219 1230 2273 Ι
1287 2216 1549 2260 moriuntur
1579 2221 1632 2271 N,
1674 2218 1837 2260 -antur

143 2293 172 2319 κ
304 2281 330 2318 5
362 2275 581 2319 habuerit
611 2276 717 2318 ΝΠ
783 2278 792 2285 ’
860 2280 886 2319 6
917 2277 1180 2320 moriuntur
1209 2275 1315 2319 D²N
1372 2278 1378 2332 Ι
1435 2289 1579 2320 urnae
1611 2277 1660 2334 a]
1692 2290 1836 2319 cornu

143 2334 288 2377 A'DN
320 2333 448 2378 corni
474 2339 508 2376 G
639 2339 665 2378 8
698 2335 841 2379 fuerit
872 2350 954 2379 om.
980 2341 1015 2378 D
1046 2335 1313 2379 radiatione
1343 2335 1486 2379 fuerit
1507 2339 1547 2377 N
1680 2340 1704 2379 9
1737 2335 1834 2379 XII.

144 2395 263 2449 Aqu.
296 2408 341 2448 p.
378 2396 424 2437 Γ
541 2399 592 2437 11
628 2394 839 2438 subsidia
874 2396 941 2453 Γ]
980 2394 1218 2451 praesidia
1250 2397 1289 2438 Δ
1349 2396 1355 2450 Ι
1412 2394 1534 2438 ΧΠΙ.
1567 2394 1619 2438 Α.
1653 2409 1698 2451 p.
1736 2396 1782 2438 Γ

147 2458 199 2498 12
234 2452 437 2496 ortulani
461 2456 546 2495 AN
576 2453 778 2497 ortolani
803 2459 837 2496 G
953 2459 1006 2496 14
1039 2454 1283 2498 haustores
1309 2454 1399 2512 Gv]
1426 2454 1646 2498 hausores
1671 2458 1709 2496 A
1740 2453 1835 2496 uri-

143 2513 330 2555 natores
362 2514 401 2554 A
527 2517 580 2555 15
612 2513 831 2556 habuerit
865 2516 949 2557 ΓΙ)
1007 2519 1012 2564 Ι
1070 2513 1249 2558 horosc.
1281 2513 1391 2557 hab.
1423 2516 1463 2557 A
1589 2517 1642 2556 16
1676 2513 1719 2556 ei
1751 2527 1834 2557 om.

146 2588 185 2629 A
310 2590 363 2628 17
398 2585 572 2629 facient
603 2588 642 2628 A
702 2588 708 2642 Ι
764 2585 1025 2630 urinatores
1057 2587 1102 2645 σ]
1146 2587 1261 2630 duos
1293 2575 1476 2630 fiiatore
1508 2591 1545 2628 A
1592 2587 1708 2630 duos
1739 2586 1837 2629 via-

144 2647 268 2688 tores
302 2649 374 2686 Gv
421 2644 702 2689 divinatores
734 2647 774 2688 A
808 2647 882 2701 (cf.
915 2646 978 2690 ad
1009 2647 1037 2689 l.
1074 2649 1144 2702 14)
1213 2649 1219 2702 1
1289 2646 1438 2689 omnis
1469 2646 1527 2703 A]
1574 2659 1730 2689 omnes
1765 2650 1836 2687 Gv

146 2704 272 2747 omni
297 2706 336 2747 A
460 2708 513 2747 19
546 2703 797 2747 habuerint
818 2709 858 2747 Π
908 2704 1126 2748 habuerit
1151 2708 1159 2760 Ι
1193 2706 1299 2750 add.
1324 2710 1364 2747 N
1485 2710 1538 2748 21
1572 2704 1834 2761 impudicus

145 2763 202 2820 A]
228 2762 477 2818 impudens
598 2767 652 2805 23
678 2762 818 2807 XVII.
887 2799 895 2807 .
921 2779 967 2821 p.
990 2767 1074 2808 ΓΙ)
1195 2769 1252 2808 24
1277 2764 1321 2807 ei
1344 2778 1427 2808 om.
1446 2763 1498 2806 A'
1526 2765 1532 2818 Ι
1560 2777 1835 2819 quacunque

145 2821 288 2865 fuerit
303 2822 375 2880 A‘]
401 2822 664 2877 quicunque
689 2823 831 2866 fuerit
848 2827 882 2864 G
906 2823 1048 2867 fuerit
1072 2822 1284 2878 qualibet
1301 2826 1340 2866 A
1435 2828 1490 2866 25
1514 2823 1567 2866 In
1591 2822 1751 2866 XVIII.
1780 2849 1833 2855 —-

146 2885 247 2935 350,
276 2886 297 2923 1
331 2881 637 2937 horoscopum
662 2895 746 2926 om.
771 2886 807 2923 Ι)
830 2883 882 2925 in
905 2887 1022 2938 spat.
1047 2896 1143 2926 vac.
1202 2886 1207 2938 Ι
1266 2897 1310 2938 p.
1337 2881 1497 2925 XVHI.
1523 2883 1576 2925 A.
1602 2886 1641 2924 N
1672 2881 1834 2925 XVIII.
