2038 3162
806 125 1162 174 PRAEFATIO.
1654 103 1661 113 '
1731 126 1839 174 xm

138 271 316 320 ditione
337 265 640 336 praefigant)
658 271 710 318 et
733 270 944 334 capituli
965 269 1072 318 XV.
1090 263 1292 336 (indicis
1306 269 1453 332 XVI.‚
1477 271 1735 319 contextus
1752 263 1835 336 X.)

137 346 215 394 De
243 345 460 393 moribus
484 347 735 407 siqnorum
759 348 802 394 et
822 347 1007 394 natura
1029 359 1145 406 pars
1169 344 1331 407 prima
1354 344 1664 394 interierunt.
1705 344 1838 401 Quot

135 420 259 468 folia
305 419 512 480 fuerint,
559 419 737 482 quibus
783 419 905 468 haec
951 418 1355 481 continebantur,
1407 420 1620 468 fortasse
1667 419 1837 483 colligi

136 495 314 557 potest.
370 497 424 541 In
457 493 702 543 schedulis
735 495 880 555 enim,
913 509 1040 555 quae
1067 493 1224 542 codici
1247 493 1531 542 Monacensi
1559 495 1665 542 500
1697 509 1836 556 prae-

135 569 330 631 positae
361 569 499 630 sunt,
549 569 680 616 inter
711 568 882 631 aliqua
914 569 1145 630 excerpta
1177 584 1235 616 ex
1266 567 1406 616 libris
1437 567 1502 615 II.
1534 567 1625 617 III.
1658 567 1745 615 IV.
1776 567 1836 615 V.

135 642 274 692 VIII.
320 642 661 690 Hartmannus
702 642 910 690 Schedel
947 642 1069 690 haec
1108 641 1392 691 adnotavit:
1430 642 1682 690 Secundus
1719 642 1839 690 liber

134 718 274 765 habet
302 731 472 765 versus
503 716 861 766 MDOGOXX
870 717 913 765 V
942 709 1026 782 (cf.
1053 715 1174 765 Sittl
1204 734 1252 780 p.
1275 716 1421 779 XIII,
1461 733 1505 764 v.
1523 716 1838 778 Winterfeld,

135 791 335 840 Dtsche.
353 790 583 855 Lit.-Ztg.
606 792 764 853 1896,
792 784 900 858 70).
951 791 1012 839 In
1035 793 1207 840 nostra
1231 790 1447 839 editione
1471 791 1598 839 liber
1619 790 1684 840 II.
1709 784 1839 857 (sine

137 865 477 914 additamento
501 868 831 914 recentiorum
855 859 1122 932 librorum)
1167 866 1308 914 1264
1327 865 1548 915 continet
1568 881 1750 914 versus,
1785 865 1840 913 Si

137 942 367 1003 ponimus
383 955 554 989 versus
570 941 708 990 illius
727 940 974 1001 editioniS,
990 940 1129 989 cuius
1148 940 1540 989 stichometriam
1553 939 1839 988 Schedelius

136 1014 369 1077 tradidit,
433 1014 655 1063 eiusdem
707 1016 811 1063 fere
873 1014 1179 1076 syllabarum
1240 1015 1434 1062 numeri
1486 1014 1640 1063 fuisse
1700 1015 1839 1063 cuius

137 1089 471 1137 Teubneriani
484 1083 542 1155 ¹),
574 1089 788 1137 efficitur
811 1104 869 1137 ea
892 1089 1015 1138 folia
1041 1105 1167 1152 quae
1192 1088 1481 1137 exciderunt
1537 1090 1636 1137 561
1668 1104 1838 1138 versus

56 1222 57 1225 Ἴ
135 1163 372 1226 tenuisse3
406 1163 493 1226 qui
522 1179 755 1212 numerus
787 1179 886 1212 non
915 1166 1117 1213 tantum
1150 1163 1383 1211 abhorret
1422 1163 1484 1211 ab
1514 1164 1599 1225 iis,
1632 1178 1755 1226 quos
1786 1165 1840 1211 in

137 1237 458 1287 aestimandis
504 1238 697 1287 lacunis
743 1238 984 1287 librorum
1032 1237 1118 1286 VI.
1164 1240 1215 1286 et
1260 1237 1372 1287 VH.
1420 1253 1571 1300 supra
1622 1238 1839 1286 eruimus

137 1327 359 1375 quosque
393 1314 777 1375 quaternionum
809 1313 1067 1376 archetypi
1099 1311 1344 1360 ambitum
1375 1312 1546 1374 aliquo
1577 1311 1723 1361 modo
1749 1312 1839 1360 cir-

137 1387 463 1436 cumscribere
501 1389 609 1436 veri
648 1390 726 1436 est
765 1387 1073 1436 simillimum
1115 1380 1246 1454 (459
1273 1404 1285 1435 ε
1313 1380 1467 1454 482),
1506 1388 1564 1435 ut
1601 1402 1700 1435 non
1735 1387 1839 1434 sine

139 1461 309 1524 aliqua
340 1463 535 1510 ratione
567 1463 727 1511 conici
756 1463 918 1525 possit-
946 1489 1020 1494 —
1053 1461 1186 1524 quod
1226 1463 1276 1508 et
1316 1463 1421 1509 sine
1462 1461 1634 1525 fragili
1671 1478 1839 1510 nume-

138 1552 307 1584 rorum
332 1535 636 1585 adminiculo
661 1536 939 1598 suspicetur
963 1537 1211 1598 quispiam
1229 1563 1301 1568 —
1325 1536 1470 1584 unius
1498 1537 1840 1598 quaternionis

138 1611 260 1659 folia
292 1610 463 1672 fuisse,
496 1610 676 1673 quibus
709 1611 980 1673 deperditis
1011 1611 1101 1658 illa
1132 1610 1312 1658 lacuna
1342 1611 1476 1658 facta
1509 1612 1596 1660 est.
1654 1609 1840 1667 Quodsi

137 1685 340 1734 solitum
374 1685 683 1747 syllabarum
714 1701 974 1733 numerum
999 1685 1180 1734 veteris
1212 1684 1350 1732 illius
1378 1684 1610 1733 editionis
1641 1685 1840 1746 stichos,

137 1759 188 1806 id
228 1762 302 1807 est
337 1762 426 1821 16,
466 1759 751 1822 praebuisse
790 1760 1060 1821 malumus,
1104 1759 1317 1807 efficitur
1354 1762 1548 1821 partem
1589 1761 1840 1808 servatam

135 1848 253 1895 libri
275 1848 340 1897 II.
368 1841 581 1915 (scilicet
611 1850 664 1897 in
691 1850 904 1898 vetustis
936 1841 1212 1915 codicibus)
1245 1829 1423 1921 ¹2⁶41‘6'18
1448 1871 1503 1886 =
1534 1850 1690 1911 1422,
1727 1864 1840 1911 par-

136 1939 237 1985 tem
271 1937 579 2000 deperditam
614 1939 719 1986 403
753 1939 935 1987 veteris
961 1960 1017 1976 =
1044 1938 1148 1986 356
1175 1940 1374 1986 nostrae
1406 1937 1638 1986 editionis
1670 1953 1839 1987 versus

215 2066 257 2121 1)
289 2064 413 2108 idest
446 2069 500 2107 18
534 2063 740 2119 syllabas
773 2064 1060 2121 complexos;
1107 2064 1228 2109 tales
1269 2064 1443 2108 stichos
1484 2077 1542 2108 ne
1581 2078 1724 2122 neges
1765 2079 1841 2108 ex-

138 2124 329 2179 stitisse,
361 2123 420 2168 cf.
445 2123 624 2178 Diels,
658 2124 851 2168 Hermes
876 2123 1002 2167 XVII
1028 2127 1129 2179 380,
1161 2124 1243 2179 qui
1275 2123 1445 2180 probat
1476 2124 1695 2168 editionis
1724 2124 1840 2181 Hip-

137 2183 356 2240 pocratis,
381 2197 474 2238 qua
499 2182 700 2228 Galenus
724 2185 961 2239 utebatur,
985 2198 1142 2227 versus
1170 2188 1223 2226 18
1243 2182 1450 2239 syllabas
1467 2184 1768 2235 continuisse,
1794 2186 1841 2228 et

140 2242 171 2285 Z
181 2243 198 2286 i
208 2256 233 2288 e
244 2242 299 2300 gl
310 2257 334 2287 0
342 2258 366 2286 r
375 2278 385 2296 ,
413 2232 953 2301 Uberlieferungsgesch.
973 2243 1055 2286 der
1072 2242 1318 2299 vergleich.
1334 2242 1838 2299 Lebensbeschreibgn.

139 2301 399 2357 Plutarchs,
432 2301 620 2359 Lipsiae
655 2307 783 2356 1907,
815 2318 861 2359 p.
890 2307 973 2346 155
993 2317 1074 2358 sq.,
1106 2301 1187 2345 ubi
1220 2301 1462 2346 Plutarchi
1494 2302 1694 2346 vitarum
1727 2317 1841 2358 qua-

137 2361 336 2405 rundam
361 2360 590 2406 editiones
615 2377 772 2406 versus
798 2367 852 2406 21
878 2362 976 2406 fere
1001 2361 1288 2418 syllabarum
1313 2361 1534 2406 habuisse
1563 2362 1839 2415 ostenditur,

140 2423 188 2464 et
211 2420 373 2464 Kroll
398 2421 459 2464 ad
477 2420 618 2465 Cicer.
641 2423 869 2466 orat.222.
888 2447 943 2454 —
961 2421 1049 2465 Hic
1073 2421 1202 2465 locus
1226 2421 1412 2465 videtur
1436 2434 1551 2475 esse,
1578 2435 1671 2477 quo
1697 2421 1840 2465 etiam

142 2480 200 2524 de
233 2479 555 2524 stichometria
587 2483 771 2537 agatur,
803 2495 923 2537 quae
955 2479 1004 2523 in
1037 2480 1126 2523 fine
1158 2479 1268 2523 libri
1292 2480 1346 2524 V.
1380 2479 1558 2524 tradita
1589 2482 1672 2525 est.
1725 2480 1840 2524 Sub-

141 2539 361 2584 scribitur
391 2539 516 2582 enim
547 2539 596 2582 in
628 2540 868 2584 codicibus
899 2541 1019 2583 AO:
1055 2540 1195 2584 Liber
1226 2541 1415 2595 quintus
1444 2541 1575 2585 habet
1606 2554 1760 2584 versus
1791 2541 1846 2583 N

141 2598 340 2656 (scilicet
362 2601 565 2655 numero)
591 2601 790 2656 quinque
812 2600 958 2644 milia.
999 2599 1050 2642 In
1076 2601 1236 2642 nostra
1261 2599 1467 2643 editione
1491 2598 1612 2642 liber
1634 2599 1689 2643 V.
1715 2614 1837 2643 com-

141 2657 365 2725 plectitur
390 2662 505 2701 1824
529 2671 686 2702 versus
710 2660 784 2715 (=
811 2663 926 2702 2052
953 2671 1108 2701 versus
1138 2663 1191 2702 16
1217 2657 1535 2714 syllabarum).
1583 2658 1839 2714 Deperdita

141 2718 1159 2833 }?ss{2²v¹?²3222<g1003⁹⁶.1⁵{3>„izmgissteffissggss
1190 2717 1283 2820 1Ἑέ
1303 2730 1622 2834 123213255213.
1635 2720 1840 2821 ⁸323&

143 2834 364 2880 editionis
396 2835 695 2891 explevisset3
728 2836 940 2880 eiusdem
972 2836 1064 2879 fuit
1095 2835 1299 2880 ambitus
1332 2836 1464 2879 cuius
1497 2835 1614 2880 liber
1636 2835 1725 2890 VL,
1758 2835 1839 2892 qui

141 2909 264 2996 punc
297 2894 463 2938 ceteris
493 2893 632 2951 longe
665 2894 976 2952 amplitudine
1007 2896 1239 2951 praestat3
1281 2895 1553 2939 exciderunt
1584 2899 1698 2938 5--6
1725 2909 1837 2951 qua-

165 2966 390 3000 terniones,
