2100 3186
806 127 892 171 VH
924 133 964 183 1,
975 142 978 146 ·
989 132 1112 182 1-2,
1138 142 1170 172 1.
1722 127 1829 179 209

140 252 311 301 terrae
348 250 606 301 terminos
652 249 934 311 coartavit,
986 248 1074 317 qui
1117 249 1298 318 ignem
1337 248 1405 299 ad
1451 247 1829 316 sempiternam

141 322 496 375 substantiam
528 323 737 375 divinae
769 323 1141 392 perpetuitatis
1172 321 1485 388 inflammat,
1510 324 1600 391 qui
1634 325 1831 374 terram

141 396 198 448 in
251 396 426 449 medio
482 399 799 450 collocatam
853 399 1080 465 aequata
1133 395 1497 448 moderatione
1551 398 1831 464 sustentat,

142 470 234 539 qui
274 488 457 523 omnes
496 470 738 524 homines
778 471 917 522 feras
956 470 1111 522 alites
1158 474 1211 523 et
1253 471 1432 523 omnia
1477 470 1831 523 animantium

96 567 116 600 5
141 562 334 615 genera
375 544 555 597 divina
593 544 806 597 artificii
844 545 1123 596 maiestate
1163 545 1464 613 conposuit,
1503 546 1595 613 qui
1633 547 1832 596 terram

140 619 463 688 perennibus
508 618 650 688 rigat
701 618 959 686 fontibuS,
1006 619 1099 687 qui
1152 622 1433 671 ventorum
1495 618 1654 671 flatus
1710 636 1832 671 cum

142 693 370 762 quadam
408 693 538 745 facit
573 693 908 745 necessitatis
954 693 1322 745 moderatione
1368 693 1583 760 variari,
1636 692 1727 760 qui
1767 691 1834 744 ad

140 766 544 819 fabricationem
598 766 838 819 omnium
886 769 1140 835 quattuor
1185 766 1567 819 elementorum
1615 766 1834 819 diversi-

140 845 251 893 tate
290 841 592 910 conposita,
638 859 704 893 ex
749 841 1026 894 contrariis
1074 844 1127 893 et
1171 841 1596 912 repugnantibus
1644 844 1835 894 cuncta

75 938 118 969 10
141 914 378 984 perfecit,
417 917 471 967 et
509 918 687 967 ortum
727 932 1079 983 occasumque
1117 915 1553 983 †terraemotum
1594 915 1833 967 omnium

144 1009 352 1038 *Μαι*
398 1007 494 1057 per
539 988 853 1042 descensum
901 1007 1287 1058 ascensumque
1343 988 1570 1057 animae,
1615 1007 1711 1058 per
1755 989 1833 1041 in-

143 1064 422 1115 mortalem
480 1066 724 1116 aeternae
785 1064 1159 1132 perpetuitatis
1214 1064 1477 1116 ordinem:
1547 1082 1613 1116 ne
1673 1063 1804 1115 haec
1819 1073 2020 1118 sol-89⁷1!
2088 1075 2091 1077 ’

141 1137 438 1190 veneranda
503 1141 804 1190 commenta
864 1138 1105 1206 profanis
1160 1138 1245 1190 vel
1305 1137 1550 1205 inperitis
1615 1137 1833 1190 auribus
1851 1137 1884 1189 3

143 1211 471 1279 intimentur,
504 1212 594 1264 sed
626 1211 710 1263 his
744 1230 878 1280 quos
911 1212 1120 1264 animus
1151 1213 1494 1281 incorruptus
1527 1212 1593 1264 ad
1628 1215 1834 1265 rectum

77 1307 118 1339 15
142 1286 358 1338 vivendi
392 1285 632 1338 ordinem
673 1291 819 1340 casto
860 1304 921 1338 ac
958 1287 1153 1354 pudico
1192 1286 1457 1355 praesidio
1512 1286 1706 1339 mentis
1755 1304 1837 1338 or-

145 1359 315 1427 navit,
362 1378 589 1428 quorum
628 1359 835 1413 illibata
880 1360 1032 1428 fides,
1080 1378 1307 1429 quorum
1354 1379 1544 1412 manus
1584 1361 1649 1413 ab
1690 1360 1837 1413 omni

145 1437 270 1486 sunt
307 1434 607 1487 facinorum
650 1434 846 1488 scelere
885 1440 1181 1503 separatae,
1227 1435 1453 1505 integris
1504 1436 1715 1503 pudicis
1755 1453 1837 1486 so-

144 1508 277 1560 briis
316 1526 378 1560 ac
424 1508 700 1577 modestiS,
746 1513 808 1560 ut
845 1527 979 1577 puro
1019 1510 1212 1561 mentis
1253 1508 1534 1578 splendore
1574 1508 1836 1562 decoratis

144 1583 354 1651 integra
386 1600 441 1634 se
473 1583 696 1635 scientia
728 1582 1076 1635 divinationis
1108 1584 1355 1636 insinuet.
1425 1583 1625 1652 Accipe
1655 1585 1837 1652 itaque

79 1678 120 1709 20
147 1657 326 1709 omnia
371 1656 553 1725 partili
602 1657 809 1710 ratione
858 1659 1102 1726 collecta,
1142 1661 1196 1710 et
1235 1658 1360 1726 quia
1399 1660 1452 1709 te
1490 1657 1837 1710 iurisiurandi

145 1730 404 1801 religione
452 1731 817 1799 convenimuS,
864 1732 1042 1800 accipe
1097 1731 1241 1800 quod
1294 1731 1396 1783 tibi
1435 1749 1553 1783 cum
1604 1732 1838 1784 maxima

145 1805 309 1857 animi
339 1805 696 1873 trepidatione
734 1805 1164 1875 <pro>misimus

288 1936 356 1990 Π.
396 1937 519 2007 [DE
560 1937 938 1991 EXPOSITIS
978 1938 1071 1991 ET
1109 1937 1268 1992 NON
1306 1937 1689 2008 NUTRITIS]

258 2040 726 2110 Quorumcumque
741 2043 928 2094 horam
946 2042 1226 2095 benivolae
1249 2061 1359 2095 non
1382 2042 1613 2095 viderint
1637 2045 1838 2109 stellae,
1859 2042 1885 2093 1

80 2136 121 2168 25
148 2118 199 2167 et
238 2115 391 2167 Luna
429 2134 611 2168 eorum
652 2117 722 2168 sit
760 2118 817 2168 in
855 2116 1035 2184 aliquo
1076 2116 1286 2168 cardine
1328 2118 1634 2185 constituta,
1666 2116 1838 2169 Marte

149 2193 200 2241 et
241 2188 471 2242 Saturno
512 2190 568 2242 in
606 2189 726 2242 VII.
759 2190 824 2242 ab
865 2189 1165 2258 horoscopo
1198 2190 1317 2243 loco
1350 2191 1405 2243 id
1437 2195 1517 2243 est
1550 2192 1606 2243 in
1646 2209 1837 2244 occasu

148 2263 480 2331 constitutiS,
534 2265 646 2315 nati
693 2264 876 2315 statim
925 2267 1267 2332 exponuntur
1313 2283 1344 2316 a
1381 2264 1655 2318 matribus.
1734 2265 1838 2318 Sed

267 2398 292 2436 2
326 2393 415 2436 sibi
448 2394 760 2438 substantiam
791 2393 840 2437 A'
852 2399 885 2437 B
936 2399 941 2450 Ι
995 2394 1301 2439 inflammavit
1331 2399 1410 2438 131)
1455 2395 1772 2439 inflammator
1802 2401 1839 2439 A

150 2457 175 2496 3
206 2453 466 2496 moratione
492 2458 575 2496 AG
687 2460 715 2497 4
747 2468 904 2497 omnes
930 2469 1012 2499 om
1039 2457 1079 2498 Δ
1113 2454 1325 2498 homines
1349 2470 1432 2500 om.
1462 2458 1509 2499 Γ
1552 2457 1559 2511 1
1610 2455 1747 2499 alites
1773 2456 1836 2513 et]

149 2515 188 2555 Δ
222 2512 478 2556 alienantes
504 2526 560 2555 ex
587 2515 634 2557 Γ
682 2516 687 2566 Ι
745 2514 871 2556 omni
896 2514 1207 2557 animantium
1231 2527 1399 2571 genere
1427 2517 1474 2558 Γ
1500 2528 1633 2557 omne
1659 2528 1731 2558 an.
1758 2530 1838 2571 ge-

148 2586 235 2614 nus
267 2573 306 2614 A
340 2586 451 2616 corr.
484 2587 513 2614 v
636 2577 690 2616 10
722 2572 904 2629 perficit
932 2575 978 2616 Γ
1021 2575 1026 2628 Ι
1076 2575 1227 2617 terrae
1258 2575 1456 2631 motum]
1495 2576 1722 2618 astrorum
1755 2587 1780 2617 σ

152 2636 203 2674 11
238 2631 320 2675 lac.
354 2636 518 2675 statu
619 2635 624 2686 Ι
689 2631 1076 2676 inmortalitatem
1108 2636 1186 2675 BG
1217 2638 1258 2677 et
1287 2649 1315 2675 a
1347 2648 1461 2689 quae
1493 2633 1725 2676 ordinavit
1749 2646 1838 2689 pro

150 2689 359 2733 ordinem
467 2694 520 2733 13
529 2645 806 2734 “commenta
829 2692 876 2748 v]
903 2691 1166 2735 communia
1191 2692 1483 2746 (commercia
1504 2692 1579 2748 11²)
1687 2697 1741 2734 15
1766 2706 1836 2735 or-

148 2749 279 2792 navit
310 2749 386 2807 κζ]
420 2749 654 2792 ordinavit
681 2752 727 2793 Γ
760 2750 975 2794 ordinata
1007 2753 1047 2794 A
1172 2755 1226 2794 18
1258 2752 1330 2809 ut]
1363 2755 1410 2795 et
1440 2769 1468 2795 κ
1591 2756 1644 2794 19
1678 2750 1838 2807 itaque

154 2807 220 2865 Γ]
254 2807 396 2851 etiam
428 2810 468 2851 A
590 2813 646 2852 20
677 2809 938 2853 iusiurandi
968 2814 1053 2853 NA
1174 2815 1228 2853 22
1262 2811 1368 2854 add.
1402 2824 1427 2854 σ
1458 2812 1702 2867 (transmis.
1736 2814 1780 2865 a)

151 2871 206 2909 23
240 2867 399 2911 lemma
423 2881 504 2911 om.
531 2872 566 2910 1>
680 2873 736 2911 24
764 2868 926 2912 horam
948 2870 1013 2928 Γ]
1038 2869 1344 2926 horoscopum
1370 2873 1408 2913 A
1526 2874 1580 2911 25
1613 2870 1678 2927 et]
1705 2870 1744 2912 si
1770 2883 1794 2912 6

151 2939 309 2969 eorum
339 2927 422 2971 del.
456 2942 483 2969 a.
526 2940 731 2971 seorsum
762 2945 789 2971 κ

239 3009 448 3050 Frnmcus,
473 3010 556 3041 edd.
581 3011 644 3042 Kr
653 3011 738 3051 011,
764 3010 972 3044 Skutsch
996 3015 1032 3044 et
1055 3013 1259 3051 Ziealer.
1285 3012 1335 3043 11.
1520 3008 1573 3046 14
