2066 3192
819 155 862 199 V
894 161 935 210 2,
963 129 1124 200 ιεὲιτ.
1744 154 1814 207 25

244 290 678 363 [Horoscopus
731 290 796 343 in
841 289 1083 342 finibus
1130 289 1475 358 Mercurii]
1555 288 1614 341 Si
1659 288 1903 342 horo-15

133 383 325 433 scopus
365 365 421 416 in
458 364 656 416 finibus
689 364 938 417 Mercurii
977 362 1138 416 fuerit
1177 363 1440 431 inventuS,
1478 363 1638 415 faciet
1676 362 1818 415 litte-

131 443 299 505 13103,
354 442 407 490 et
462 438 555 506 qui
607 439 835 491 creditos
890 437 996 489 sibi
1047 440 1196 489 actus
1246 437 1573 489 fidelissimis
1625 437 1818 489 officiis

133 516 477 581 exequantur,
517 513 701 564 doctos
742 515 887 565 recto
921 511 1118 564 iudicio
1153 529 1361 580 semper
1400 514 1634 578 ornatOS,
1674 529 1819 563 cura-

89 609 108 642 5
130 590 276 640 tores
311 587 392 639 vel
423 587 744 655 principales
777 586 1055 640 civitatum
1079 585 1311 654 publicis
1343 586 1641 638 rationibus
1674 603 1820 654 prae-

132 662 354 731 positos,
393 661 680 713 rationales
720 665 772 713 et
811 660 904 729 qui
935 660 1141 713 fiscales
1174 660 1562 729 praestationes
1601 660 1821 729 exigant

131 735 278 787 fideli
317 753 526 803 semper
565 734 760 787 officio.
838 732 894 786 Si
934 751 1059 786 vero
1099 733 1397 787 Mercurius
1439 734 1494 785 in
1534 733 1664 802 ipsis
1703 752 1821 802 par-

132 810 294 878 tibus,
332 809 388 861 in
428 808 623 878 quibus
657 812 736 861 est
767 808 1111 878 horoscOPUS,
1151 808 1317 861 fuerit
1350 810 1613 875 inventuS,
1653 811 1820 859 astro·

132 884 287 952 logos
338 883 746 936 mathematicos
797 882 1105 951 haruspices
1155 883 1337 948 faciet,
1391 886 1443 934 et
1498 882 1591 950 qui
1642 881 1822 934 futura

67 981 110 1013 10
137 957 316 1010 omnia
355 957 536 1026 aliqua
574 957 780 1009 ratione
818 957 1137 1025 perdiscant,
1181 957 1272 1009 sed
1313 974 1520 1025 semper
1559 956 1707 1009 omni
1747 956 1822 1008 of-

134 1032 256 1084 ficio
297 1031 512 1083 virtutis
560 1034 799 1099 01113108,
847 1034 900 1083 et
947 1031 1142 1100 quibus
1188 1032 1363 1084 honor
1408 1030 1476 1082 ab
1515 1029 1823 1083 hominibus

135 1124 200 1158 ex
246 1106 351 1157 ista
395 1105 590 1158 notitia
638 1105 952 1158 conferatur.
1034 1104 1090 1157 Si
1132 1103 1393 1158 Saturnus
1438 1105 1495 1156 in
1534 1105 1667 1173 ipsis
1706 1104 1822 1156 fini-
1846 1106 1912 1158 16

132 1180 234 1232 bus
271 1180 435 1232 fuerit
474 1180 723 1232 inventus
732 1222 745 1247 ,
792 1179 952 1232 faciet
989 1179 1231 1232 infelices
1271 1197 1479 1232 amaros
1488 1221 1503 1247 ,
1540 1179 1731 1231 tacitos
1771 1180 1825 1230 et

134 1255 227 1323 qui
266 1254 550 1306 verborum
598 1254 837 1306 ordinem
887 1271 1008 1306 cum
1050 1253 1278 1322 quadam
1320 1254 1580 1306 sermonis
1621 1271 1828 1322 semper

69 1350 110 1383 15
136 1328 497 1381 moderatione
537 1328 876 1397 suspendant,
917 1331 970 1380 et
1008 1328 1101 1396 qui
1141 1331 1344 1381 secreta
1377 1327 1525 1380 fideli
1555 1327 1828 1380 taciturni-

135 1406 247 1455 tate
292 1404 620 1470 contineant,
670 1402 819 1455 tarde
865 1402 923 1453 in
976 1402 1224 1455 omnibus
1277 1402 1631 1471 proficienteS,
1682 1402 1831 1454 labo-

135 1480 312 1530 rantes
359 1477 595 1545 sortiter,
641 1480 692 1528 et
741 1477 833 1545 qui
879 1475 1081 1545 populo
1131 1477 1323 1529 malam
1372 1476 1569 1528 famam
1623 1493 1831 1544 semper

135 1551 420 1603 insinuent.
498 1550 674 1603 Erunt
721 1551 863 1603 enim
910 1551 1202 1619 venenarii,
1251 1554 1304 1603 et
1351 1568 1576 1619 quorum
1625 1549 1830 1602 malitia

136 1625 202 1678 ad
242 1643 396 1678 omne
435 1625 624 1678 veneni
662 1626 809 1678 virus
850 1625 1085 1694 accedat,
1131 1625 1237 1677 iras
1278 1643 1402 1677 suas
1440 1626 1712 1694 perpetuis
1752 1625 1830 1676 in-

70 1722 113 1755 80
138 1699 539 1770 dignationibus
580 1702 978 1767 perseverantes
987 1741 1002 1768 ,
1041 1699 1295 1767 quamdiu
1333 1699 1535 1751 fuerint
1574 1702 1666 1751 aut
1706 1716 1831 1751 casu

137 1777 230 1827 aut
269 1791 364 1827 suo
404 1774 597 1826 merito
637 1774 915 1842 vindicati,
962 1773 1246 1844 vigilantes
1287 1774 1614 1826 sufficientes
1653 1773 1831 1825 mode-

135 1849 342 1901 ratione
379 1849 690 1914 necessaria,
730 1851 783 1900 et
823 1849 915 1917 qui
951 1849 1132 1900 omnia
1164 1866 1299 1916 quae
1330 1848 1513 1901 futura
1545 1851 1670 1900 sunt
1701 1847 1832 1899 omi-

137 1941 262 1975 nare
318 1923 713 1990 consueverint,
766 1926 827 1974 ut
882 1922 988 1975 illis
1042 1927 1094 1974 et
1145 1925 1317 1975 status
1367 1922 1536 1974 futuri
1586 1925 1638 1974 et
1687 1939 1835 1990 prae-

139 2000 315 2050 sentes
354 2015 449 2066 per
489 1997 696 2049 somnia
726 1997 1024 2049 manifestis
1057 1996 1471 2049 revelationibus
1504 1996 1834 2063 intimentur,

8 2103 10 2106 >
72 2091 115 2125 25
140 2071 231 2123 sed
278 2071 369 2140 qui
416 2071 654 2124 consiliis
702 2072 811 2123 suis
859 2071 924 2123 ad
966 2089 1179 2123 omnem
1218 2072 1478 2139 impetum
1517 2070 1834 2123 temeritatis

140 2146 404 2198 accedant.
475 2144 533 2198 Si
571 2143 813 2214 Iuppiter
852 2146 908 2196 in
940 2145 1072 2214 ipsis
1105 2145 1346 2214 partibus
1377 2144 1541 2197 fuerit
1572 2145 1834 2212 inventuS,
1856 2144 1919 2196 17

140 2219 300 2272 faciet
347 2220 477 2271 iuris
525 2220 726 2287 peritos
773 2219 1008 2271 medicos
1050 2239 1260 2268 *****
1302 2223 1362 2271 ut
1408 2236 1491 2271 res
1531 2218 1833 2288 potentium

263 2414 286 2452 1
322 2411 480 2454 lemma
512 2424 595 2454 om.
623 2412 662 2453 Δ
764 2415 789 2452 2
822 2409 939 2453 facit
970 2413 1009 2454 A
1118 2415 1144 2452 4
1178 2410 1467 2464 exequantur
1498 2409 1544 2467 a]
1577 2408 1835 2463 obsequan-

145 2470 222 2511 tur
252 2469 319 2513 vel
341 2470 565 2524 -quentur
597 2471 958 2525 (prosequuntur
990 2472 1043 2525 A)
1073 2471 1078 2525 Ι
1106 2471 1256 2513 rectos
1289 2471 1327 2512 Δ
1438 2473 1463 2511 6
1498 2468 1655 2525 exigat
1688 2470 1768 2511 ΔΟ

144 2532 168 2570 9
203 2528 472 2583 auruspices
507 2531 546 2572 A
591 2531 597 2585 Ι
639 2528 757 2572 facit
794 2531 839 2571 Γ
980 2533 1033 2571 10
1074 2528 1345 2585 perdiscant
1380 2529 1447 2585 Γ]
1479 2528 1834 2583 praediscantA

145 2598 437 2672 (praedidant
467 2619 523 2673 N)
554 2617 830 2673 praedicant
854 2621 878 2669 ζ
914 2617 919 2674 Ι
960 2618 1040 2660 sed
1074 2629 1256 2672 semper
1288 2630 1327 2659 o.
1354 2630 1393 2659 o.
1420 2617 1461 2674 ζ]
1495 2629 1676 2671 semper
1712 2615 1837 2658 omni

145 2676 300 2720 officio
325 2679 364 2719 A
399 2677 480 2719 sed
506 2677 565 2719 ad
592 2677 747 2719 omnia
770 2676 928 2720 officia
958 2679 1003 2720 Γ
1114 2681 1164 2719 11
1193 2675 1408 2718 omnibus
1433 2693 1459 2718 n
1562 2680 1614 2718 15
1648 2688 1838 2730 suspen-

147 2735 260 2778 dent
291 2749 403 2779 corr.
430 2751 457 2777 a
611 2741 664 2779 16
696 2736 988 2791 perficientes
1022 2738 1061 2778 A
1217 2740 1268 2778 17
1303 2734 1427 2777 mala
1459 2735 1587 2777 fama
1620 2747 1668 2777 se
1700 2751 1726 2777 κ

150 2798 204 2837 18
237 2794 475 2838 venenarii
499 2795 554 2852 D]
587 2795 803 2838 venenati
921 2800 973 2837 19
1007 2794 1183 2838 viribus
1208 2797 1330 2836 Boc
1358 2796 1362 2849 Ι
1393 2793 1512 2852 (in)
1546 2794 1615 2835 ira
1649 2792 1813 2844 ευειὲζ

150 2858 204 2896 21
239 2853 525 2897 sufficienter
557 2870 583 2896 κ
705 2858 759 2896 22
794 2854 1000 2897 ominare
1033 2852 1356 2898 consueverint
1381 2853 1434 2910 A]
1470 2853 1626 2895 omina
1658 2865 1779 2895 cons.
1806 2855 1839 2893 B

150 2914 198 2954 et
223 2913 347 2955 omni
371 2927 422 2957 re
455 2926 579 2955 cons.
606 2917 639 2955 G
671 2926 845 2956 recons.
867 2917 897 2955 0
931 2913 1059 2956 obire
1085 2927 1205 2956 cons.
1227 2915 1265 2955 A
1361 2916 1415 2954 23
1450 2914 1632 2955 statuae
1656 2911 1839 2954 futurae

151 2972 420 3026 praesentia
444 2985 555 3016 corr.
576 2988 603 3014 a.
718 2976 773 3014 24
799 2971 1076 3015 intimentur
1109 2973 1171 3029 Γ]
1199 2971 1494 3014 continentur
1519 2973 1556 3013 A
1665 2975 1719 3011 27
1754 2971 1836 3013 lac,
