2066 3192
805 141 870 186 VI
902 145 971 197 15,
996 153 1154 187 18—19.
1713 139 1818 194 105

133 263 325 316 fortius
388 264 783 332 convalescunt,
844 263 890 315 si
951 263 1007 315 in
1067 265 1217 314 muto
1281 261 1434 331 signo
1496 261 1818 314 Mercurium

133 338 485 392 constitutum
534 335 795 389 Saturnus
851 337 1108 390 diametra
1161 335 1457 388 radiatione
1509 335 1819 404 respexerit,

132 411 215 464 vel
262 411 305 464 si
346 411 638 464 Mercurius
685 410 847 463 radiis
884 409 1100 480 (Solis)
1146 410 1436 463 absconsus
1487 410 1744 463 diametra
1789 429 1819 461 a

133 485 361 538 Saturno
407 485 571 537 fuerit
617 485 912 538 radiatione
953 484 1214 554 pulsatus
1293 483 1398 537 Sed
1436 487 1489 536 et
1529 484 1574 537 si
1614 483 1817 536 Lunam

86 578 106 611 5
132 577 251 613 cum
303 558 566 612 Mercurio
629 559 811 611 eadem
864 559 1116 612 societate
1173 559 1510 611 coniunctam
1565 558 1820 611 diametra

63 949 104 982 10

61 1319 102 1352 15

60 1692 102 1724 80

131 632 392 686 Saturnus
430 633 726 687 radiatione
764 633 1073 703 respexerit,
1110 632 1242 685 haec
1282 651 1416 701 quae
1449 632 1681 685 diximus
1712 633 1819 685 for-

129 709 235 760 tius
290 709 691 775 convalescunt,
755 708 857 760 nisi
911 707 1280 760 testimonium
1334 706 1522 759 Martis
1579 706 1820 775 quolibet

130 799 319 851 genere
380 782 757 836 conmodatum
819 781 1181 851 praecedentis
1236 782 1470 833 malitiae
1521 781 1693 834 solvat
1742 781 1818 833 in-

130 856 480 909 commodum.
546 855 677 908 Cum
712 856 898 910 ceteris
930 857 1070 909 enim
1105 874 1238 924 quae
1272 855 1503 908 diximus
1536 856 1649 908 sine
1672 855 1820 908 testi-

128 931 308 983 monio
354 930 543 982 Martis
601 931 762 983 etiam
820 930 1092 983 exitiabile
1154 930 1354 983 laboris
1415 929 1626 999 pondus
1687 929 1819 982 indi-

129 1005 280 1057 citur.
359 1003 462 1057 Sed
513 1022 633 1057 cum
680 1004 766 1057 his
814 1004 969 1057 malis
1016 1004 1180 1056 animi
1226 1004 1480 1072 sapientis
1521 1003 1821 1056 decernitur
1841 1003 1907 1055 18

127 1078 431 1148 disciplina,
482 1082 534 1131 et
572 1080 744 1148 perita
783 1078 1079 1131 studiorum
1119 1077 1427 1149 magisteria
1467 1078 1818 1132 conferentur.

129 1152 233 1206 Sed
278 1153 540 1206 inefficaci
586 1154 715 1206 artis
764 1171 888 1206 suae
936 1153 1112 1206 studio
1161 1171 1371 1222 semper
1416 1153 1715 1223 invigilant,
1767 1155 1820 1204 et

127 1227 337 1280 vultum
377 1245 561 1280 eorum
601 1227 821 1280 tristitia
860 1226 1157 1281 severitatis
1197 1245 1406 1296 semper
1437 1230 1728 1296 exasperat,
1768 1230 1820 1278 et

128 1305 302 1354 erecto
353 1302 632 1370 superbiae
676 1302 870 1371 spiritu
912 1302 1271 1355 sublevantur.
1350 1300 1455 1354 Sed
1492 1300 1550 1354 hi
1589 1301 1693 1369 ipsi
1732 1319 1818 1352 va-

126 1376 204 1428 ria
238 1375 658 1428 sollicitudinum
690 1395 786 1445 per
818 1376 928 1428 dies
962 1375 1203 1445 singulos
1234 1375 1465 1444 †audias
1499 1374 1820 1446 genera[nt]‚

127 1454 180 1503 et
228 1450 484 1503 fratribus
536 1450 646 1503 suis
697 1452 887 1503 aetatis
935 1450 1101 1520 gradu
1148 1449 1598 1519 p1·aeferent<ur>.
1675 1449 1816 1502 Nam

128 1525 449 1594 quicumque
499 1525 728 1577 maiores
778 1526 972 1577 fratres
1021 1524 1239 1592 fuerint,
1288 1527 1381 1577 aut
1431 1525 1620 1577 mortis
1672 1524 1824 1576 exitu*

126 1602 218 1651 aut
262 1599 438 1670 longis
485 1599 1006 1670 peregrinationibus
1055 1598 1378 1651 dividuntur.
1457 1597 1562 1652 Sed
1613 1602 1666 1650 et
1711 1617 1818 1650 ma-

126 1676 233 1725 tres
273 1673 328 1725 in
366 1674 539 1742 prima
575 1674 793 1742 perimit
830 1676 1017 1726 aetate.

238 1760 574 1831 [Saturnus
623 1765 682 1814 et
728 1762 903 1815 Luna
950 1762 1285 1829 diametri]
1353 1760 1410 1814 Si
1459 1761 1719 1815 Saturnus
1767 1761 1906 1813 etl9

126 1835 278 1888 Luna
318 1835 572 1889 diametra
614 1856 667 1889 se
706 1836 1000 1889 radiatione
1039 1837 1385 1905 respexerint,
1428 1839 1481 1888 et
1519 1836 1576 1888 in
1615 1838 1819 1889 contra-

127 1983 186 2038 (1)
221 1982 300 2025 καὶ
333 1981 526 2037 μάλιστα
566 1989 649 2026 τοῦ
681 1980 853 2038 Ερμοῦ
887 1982 1099 2039 ὑπαύγου
1133 1981 1265 2033 ὄντος
1297 1980 1324 2038 ἢ
1358 1983 1408 2027 ἐν
1441 1982 1614 2038 ἀφώνω
1647 1979 1815 2042 ζῳδίῳ·

127 2041 207 2085 καὶ
246 2040 439 2096 μάλιστα
478 2049 646 2114 χεῖρον,
687 2041 728 2086 εἰ
766 2041 882 2095 πρὸς
920 2042 1100 2092 τούτοις
1139 2042 1218 2085 καὶ
1257 2041 1297 2115 ἡ
1319 2040 1501 2098 Σελήνη
1542 2028 1723 2086 σύνεστι
1762 2044 1823 2100 τῷ

120 2098 266 2157 Ερμῇ
299 2098 325 2155 ὴ
351 2104 413 2158 τῷ
439 2099 653 2159 Κρόνῳ..
683 2135 691 2144 .
721 2138 728 2145 .
794 2103 853 2157 (7)
887 2104 947 2144 12
978 2108 1059 2144 τοῦ
1093 2099 1250 2156 μέντοι
1276 2098 1439 2156 ’Ἄρεως
1470 2100 1670 2155 ὁρῶντος
1702 2101 1817 2145 ἀνα-

126 2159 280 2203 λύεται
305 2159 333 2215 ἡ
360 2159 573 2211 κάκωσις,
606 2160 837 2218 μοχθηροὶ
869 2159 920 2204 δὲ
956 2159 1137 2204 ἔσονται
1168 2161 1248 2204 καὶ
1281 2160 1461 2204 συνετοὶ
1494 2175 1576 2215 μεν
1607 2160 1687 2204 καὶ
1720 2161 1815 2204 ἐπι-

127 2218 360 2274 στήμονες,
404 2220 489 2262 οὐκ
531 2218 580 2262 ἐκ
621 2219 790 2275 ταύτης
829 2219 879 2263 δὲ
919 2224 999 2275 τῆς
1031 2217 1183 2271 αἰτίας
1222 2219 1536 2275 ὠφελούμενοι
1569 2216 1596 2274 ἢ
1629 2218 1815 2263 ἐπιπτώ-

128 2275 259 2333 μενοί
286 2295 343 2329 τι,
378 2279 564 2350 στυγνοὶ
589 2276 639 2322 δὲ
665 2278 739 2322 ἀεὶ
764 2278 843 2321 καὶ
867 2279 1107 2334 τυφώδεις.
1172 2281 1263 2335 (17)
1296 2279 1358 2330 ὡς
1387 2295 1444 2322 τα
1476 2277 1621 2322 πολλὰ
1654 2276 1704 2323 δὲ
1737 2279 1817 2322 καὶ

127 2334 427 2394 πρεσβύτεροί
475 2338 561 2381 εἰσι
608 2345 699 2381 τῶν
746 2338 987 2392 αδελφῶν·
1051 2337 1092 2382 εἰ
1138 2337 1190 2383 δέ
1235 2355 1357 2388 τινες
1403 2336 1816 2396 προτεχθήσονται,

126 2395 454 2451 τεθνήξονται·
488 2397 567 2440 καὶ
601 2395 625 2440 ὁ
658 2395 807 2453 πατὴρ
841 2395 892 2440 δὲ
924 2396 1014 2452 πρὸ
1046 2403 1127 2453 τῆς
1158 2397 1327 2454 μητρὸς
1356 2399 1552 2456 τελευτᾷ.

249 2533 273 2571 2
316 2529 502 2572 Saturni
537 2531 574 2572 Δ
699 2534 723 2571 3
755 2532 892 2586 suppl
928 2533 953 2583 ζ
983 2530 1118 2586 (Solis
1151 2531 1235 2574 sub
1266 2531 1412 2574 radiis
1445 2533 1489 2586 a)
1522 2532 1578 2586 cf.
1607 2534 1709 2585 120,
1733 2543 1778 2574 24
1809 2531 1813 2587 1

132 2588 368 2632 absconsis
398 2590 444 2631 Γ
558 2593 584 2631 4
617 2588 758 2632 fuerit
783 2602 810 2632 a
835 2589 1033 2633 Saturno
1062 2593 1101 2633 Δ
1224 2595 1250 2634 8
1284 2590 1526 2635 commoda
1557 2592 1669 2634 tunc
1703 2604 1816 2635 corr.

130 2650 192 2700 κζ
224 2647 587 2702 (commodatum
619 2649 731 2691 tunc
761 2650 816 2704 N)
951 2653 1004 2692 10
1038 2648 1226 2693 exitiale
1259 2653 1340 2692 AG
1469 2654 1522 2695 11
1558 2649 1817 2706 sapientiae

131 2721 244 2752 corr.
278 2721 303 2750 σ
336 2706 528 2760 (animis
562 2706 821 2763 sapientiae
855 2707 1134 2752 discernitur
1165 2711 1223 2764 Δ)
1356 2713 1409 2752 12
1443 2707 1743 2753 conferuntur
1774 2711 1814 2752 Δ

193 2770 246 2809 14
278 2765 455 2809 vultum
489 2767 534 2822 n]
567 2766 821 2809 tumultum
863 2768 869 2822 Ι
910 2767 1129 2811 tristitias
1154 2770 1193 2811 Δ
1238 2770 1243 2822 Ι
1287 2767 1548 2811 severitatis
1581 2768 1621 2825 ζ]
1654 2767 1815 2811 celeri-

130 2824 243 2868 tatis
280 2827 325 2868 Γ
364 2824 709 2869 sceleritatisN
670 2825 1012 2870 Nsterilitatis
1044 2831 1079 2869 D
1234 2831 1285 2870 16
1320 2827 1402 2871 del.
1437 2830 1514 2880 κζς
1558 2828 1612 2869 nt
1641 2827 1704 2871 ad
1735 2841 1816 2870 au-

132 2883 230 2926 dias
264 2886 511 2939 pertinere,
556 2886 688 2929 cuius
727 2885 819 2929 loco
852 2886 948 2928 III.
983 2900 1183 2941 persona
1222 2886 1345 2930 verbi
1383 2887 1519 2942 (velut
1547 2885 1746 2929 subeunt
1777 2889 1815 2941 ζ)

130 2943 418 2997 desideretur,
442 2948 582 3000 putat
613 2958 638 2987 σ
761 2948 813 2987 17
846 2944 951 2988 add.
978 2960 1005 2987 a
