2066 3192
271 152 297 206 1
308 152 376 206 10
1000 151 1229 197 FIRMICI

1029 302 1198 356 XVII.

380 392 567 462 [Mars
600 395 660 445 et
693 391 799 445 Sol
831 392 1167 462 diametri]
1221 391 1278 445 Si
1309 392 1453 445 Mars
1487 396 1540 445 et
1573 391 1668 446 Sol
1699 393 1958 445 diametra

267 486 321 520 se
374 467 668 519 radiatione
722 467 1072 536 respexerint,
1127 471 1180 520 et
1233 467 1290 518 in
1345 467 1623 520 contrariis
1676 466 1958 520 constituti

266 541 398 594 locis
459 542 625 611 longa
691 558 746 593 88
807 541 1036 595 invicem
1097 541 1367 594 radiorum
1422 559 1638 593 suorum
1693 544 1959 610 potestate

266 615 613 684 pulsaverint,
652 617 705 667 et
736 615 807 668 sit
839 615 1029 667 diurna
1060 616 1321 685 genitura,
1359 618 1565 684 patrem
1597 615 1702 667 ista
1733 615 1957 667 radiatio

183 739 187 741 .
267 690 460 742 misera
506 690 694 742 mortis
741 690 1020 742 atrocitate
1066 689 1379 758 prosternit,
1431 693 1523 742 aut
1567 688 1771 742 lumina
1810 690 1959 759 gravi

269 764 545 816 oculorum
593 763 886 817 valitudine
935 782 1145 832 semper
1190 767 1450 817 excaecat.
1527 762 1680 833 Ipsos
1723 781 1848 815 vero
1895 782 1959 816 ex

268 838 392 891 altis
440 839 671 891 deiectos
716 838 849 891 locis
889 838 1084 890 misera
1121 838 1443 890 laceratione
1481 838 1822 908 praecipitat,
1869 841 1960 890 aut

268 912 356 981 [ex
403 913 525 965 altis
573 912 804 965 deiectos
843 912 1000 982 locis]
1049 930 1212 982 grave
1258 912 1623 964 nescientibus
1662 911 1960 981 periculum

268 1005 476 1055 semper
515 986 766 1055 adfertur,
819 991 869 1039 et
919 1005 1102 1040 omnes
1155 989 1302 1039 actus
1352 986 1607 1057 gravibus
1657 987 1788 1039 facit
1838 1004 1959 1040 con-

267 1061 634 1114 trarietatibus
682 1060 941 1130 impediri.
1020 1059 1077 1114 Si
1123 1079 1260 1131 vero·
1302 1060 1465 1113 fuerit
1510 1064 1772 1113 nocturna
1818 1061 1962 1131 geni-

267 1139 409 1198 tura,
456 1135 642 1189 fractis
690 1135 894 1189 viribus
942 1135 1295 1188 substantiam
1344 1154 1556 1188 omnem
1595 1134 1809 1205 fatigati
1849 1152 1960 1187 cor-

267 1211 415 1279 poris
470 1209 822 1264 inbecillitate
879 1209 1146 1278 debilitat,
1201 1212 1254 1261 et
1305 1209 1536 1262 lacerato
1589 1227 1650 1263 ac
1702 1209 1959 1278 dissipato

268 1284 593 1352 patrimonio
635 1287 924 1355 egestatem
964 1283 1324 1337 mendicitatis
1364 1284 1589 1353 inponit.

381 1373 569 1443 [Mars
618 1377 677 1426 et
717 1373 930 1426 Venus
977 1373 1311 1442 diametri]
1390 1371 1447 1426 Si
1494 1372 1638 1425 Mars
1686 1376 1739 1424 et
1777 1372 1960 1425 Venus

270 1447 529 1500 diametra
560 1466 615 1501 88
646 1448 941 1501 radiatione
972 1447 1315 1517 respexerint,
1356 1450 1408 1500 et
1442 1447 1500 1499 in
1530 1447 1808 1500 contrariis
1841 1464 1962 1499 con—

269 1522 446 1574 stituti
491 1522 623 1575 locis
674 1522 836 1591 longa
883 1541 937 1575 88
985 1522 1212 1574 invicem
1252 1522 1521 1573 radiorum
1561 1539 1777 1573 suorum
1815 1523 1963 1590 pote-

269 1599 407 1649 state
446 1597 791 1664 pulsaverint,
831 1600 883 1648 et
923 1597 993 1648 sit
1033 1596 1222 1648 diurna
1261 1597 1522 1665 genitura,
1565 1596 1714 1666 vagis
1755 1613 1963 1664 semper

269 1671 466 1723 facient
517 1689 756 1724 errorum
806 1670 953 1723 vitiis
1005 1669 1276 1739 inplicari,
1327 1670 1418 1722 sed
1467 1674 1520 1723 et
1566 1669 1959 1738 aegritudinum

270 1745 610 1797 incommoda
630 1744 844 1798 assidua
866 1744 1212 1814 ra[dia]tione
1237 1745 1541 1796 decernunt.
1580 1743 1812 1811 Nuptias
1836 1761 1961 1795 vero

271 1822 324 1871 et
361 1819 502 1871 filios
546 1818 726 1871 Venus
766 1823 820 1871 et
858 1819 999 1871 Mars
1041 1819 1117 1871 sic
1156 1819 1317 1887 positi
1357 1818 1537 1870 invido
1571 1817 1797 1870 stridore
1831 1835 1961 1870 sem-

269 1912 364 1962 per
416 1894 731 1964 inpugnant.
818 1893 1021 1956 Quodsi
1075 1893 1131 1945 in
1184 1893 1405 1962 tropicis
1461 1892 1626 1962 signis
1682 1891 1960 1944 constituti

271 1968 528 2020 diametra
568 1986 622 2020 se
661 1967 955 2020 radiatione
995 1967 1347 2035 respexerint,
1400 1967 1689 2020 decernunt
1728 1984 1788 2018 ea
1829 1983 1961 2034 quae

270 2060 360 2094 eos
386 2041 672 2110 quadratos
698 2041 975 2094 decernere
999 2043 1055 2094 in
1079 2041 1440 2109 superioribus
1457 2041 1699 2109 partibus
1718 2040 1961 2108 diximus,

271 2116 580 2184 praesertim
629 2115 672 2168 si
723 2135 778 2168 se
828 2116 891 2167 de
934 2115 1256 2184 Capricorno
1306 2118 1359 2168 et
1399 2115 1462 2168 de
1505 2114 1703 2167 Cancro
1743 2115 1847 2166 ista
1884 2133 1962 2166 ra-

392 2281 416 2319 5
451 2280 553 2330 174,
579 2279 639 2320 36
677 2283 759 2319 τοῦ
792 2277 967 2332 πατρὸς
999 2274 1213 2331 ὀλέθριος
1244 2274 1272 2332 ἢ
1306 2277 1386 2320 καὶ
1417 2275 1473 2320 τὰ
1507 2275 1688 2333 ὄμματα
1720 2282 1863 2319 σινοῑ·
1899 2277 1962 2333 τῷ

273 2335 323 2380 δὲ
357 2335 579 2380 κίνδυνον
612 2333 698 2391 ἀφ’
736 2334 889 2392 ὕψους
921 2336 996 2379 καὶ
1031 2335 1203 2385 πολλὰς
1236 2335 1532 2386 ἐναντιώσεις.
1589 2335 1668 2380 καὶ
1699 2341 1845 2393 ταῦτα
1878 2331 1962 2390 μὲν

271 2394 457 2469 ἡμέρας,
493 2394 659 2445 νυκτὸς
690 2395 741 2438 δὲ
773 2395 1031 2450 ἀδράνειαν
1064 2396 1144 2438 καὶ
1178 2395 1403 2439 ἔκπτωσιν
1436 2394 1554 2453 βίου.
1680 2398 1733 2437 18
1775 2397 1879 2447 175,
1906 2397 1959 2437 11

275 2453 471 2512 ρέμβους
502 2455 583 2497 καὶ
615 2455 948 2504 ἀστατοῦντας·
985 2453 1216 2512 βάσκανος
1248 2452 1295 2498 δ’
1324 2453 1352 2510 ἡ
1385 2452 1625 2510 Ἀφροδίτη
1651 2453 1730 2497 καὶ
1755 2455 1804 2497 ἐν
1830 2451 1961 2512 γάμῳ

273 2513 353 2557 καὶ
386 2513 436 2557 ἐν
466 2512 657 2564 τέκνοις.
712 2513 755 2556 εἰ
787 2512 838 2558 δὲ
869 2514 950 2557 καὶ
982 2514 1033 2558 ἐν
1064 2521 1302 2568 τροπικοῖς
1334 2512 1529 2572 ζῳδίοις,
1568 2513 1624 2557 τὰ
1659 2511 1736 2556 ἴσα
1767 2520 1857 2556 τῶν
1888 2527 1958 2555 τε-

273 2574 524 2629 τραγώνων
555 2580 691 2617 ποιεῖ.

394 2725 418 2763 2
454 2720 502 2763 Si
533 2720 657 2764 Mars
691 2735 793 2764 cum
828 2719 931 2763 Sole
965 2723 1003 2763 Δ
1136 2725 1159 2763 6
1192 2720 1366 2763 lumine
1400 2735 1512 2765 corr.
1547 2734 1609 2763 κσ
1737 2725 1760 2763 7
1794 2719 1962 2762 valitu—

278 2779 385 2822 dine
418 2779 515 2837 BG]
548 2779 833 2822 valitudines
877 2787 881 2834 Ι
925 2780 1097 2823 excitat
1128 2793 1240 2823 corr.
1275 2796 1302 2822 a
1423 2784 1447 2822 9
1481 2781 1563 2824 del.
1591 2782 1614 2831 ζ
1734 2783 1787 2820 10
1819 2778 1962 2822 faciet

276 2841 314 2880 Δ
455 2843 507 2882 12
540 2838 733 2894 fatigari
765 2853 876 2882 corr.
910 2854 939 2880 v
1077 2843 1128 2881 13
1162 2838 1489 2882 imbecillitate
1520 2838 1593 2896 A‘]
1624 2837 1959 2880 imbecillitati-

275 2897 360 2939 bus
393 2900 432 2940 Δ
476 2898 606 2940 -tatis
639 2901 718 2939 BG
855 2903 908 2940 14
941 2898 1269 2942 mendacitatis
1302 2900 1341 2940 A
1481 2903 1535 2940 18
1567 2897 1720 2955 vagis]
1752 2896 1889 2940 variis
1922 2901 1960 2938 N

276 2960 331 2999 20
364 2957 446 3000 del.
482 2971 506 2999 σ
627 2962 681 2999 23
715 2969 770 2999 ea
794 2971 877 3000 om.
910 2959 955 3000 Γ
1082 2963 1136 3000 24
1170 2957 1225 3011 cf.
1257 2960 1329 3010 93,
1354 2969 1398 3000 2⁶
1412 2971 1501 3013 sqq.
1625 2961 1680 2999 25
1712 2957 1804 2999 ista
1838 2969 1886 2999 se
1918 2958 1956 2998 A

1986 1008 2027 1040 10

1986 1396 2027 1428 15

1987 1767 2030 1798 20

1987 2137 2027 2169 25
