2066 3192
259 153 291 205 6
986 150 1218 195 FIRMICI

259 275 521 341 ornatum,
561 275 614 325 et
652 271 899 326 inimicos
939 290 1064 325 suos
1102 271 1310 324 videbit
1353 272 1574 324 miserae
1618 271 1940 327 humilitatis

259 346 658 400 continuatione
712 349 1024 415 prostratos.
1104 344 1161 398 Si
1214 347 1271 398 in
1316 343 1553 414 Aquario
1599 344 1714 399 MC.
1764 345 1940 416 fuerit,

257 439 377 474 cum
416 419 809 490 potentioribus
848 438 1056 490 semper
1095 419 1363 472 amicitiae
1406 419 1579 490 gratia
1627 419 1941 489 versabitur,

257 498 311 549 et
349 495 515 548 vitam
562 513 626 547 ex
673 493 904 562 publicis
951 511 1162 562 semper
1206 493 1426 546 habebit
1472 494 1692 563 actibus,
1739 497 1793 546 et
1841 493 1941 547 erit

257 568 472 638 aquosis
521 586 731 637 semper
776 568 1007 638 negotiis
1053 567 1358 636 inplicatus,
1409 570 1461 619 et
1509 568 1602 637 qui
1646 586 1940 637 numquam
1987 589 2007 621 5

258 642 613 696 accusationis
666 643 911 711 pulsetur
956 642 1170 694 invidia.
1237 641 1476 694 Habebit
1523 661 1647 695 sane
1687 646 1741 695 et
1777 644 1941 696 incre-

201 718 230 769 7
258 719 438 770 menta
491 716 807 769 facultatum
856 716 1056 784 pariter
1111 718 1163 768 et
1218 715 1423 768 damna.
1501 714 1558 769 Si
1614 734 1831 769 occasus
1887 717 1943 768 in

259 790 567 860 Scorpionis
622 790 777 861 signo
824 790 988 843 fuerit
1039 790 1304 858 inventuS,
1359 789 1460 842 erit
1506 791 1564 843 in
1610 792 1756 844 omni
1801 790 1942 843 vitae

258 864 661 919 conversatione
700 864 962 934 cordatus,
1003 864 1206 916 alienae
1245 865 1510 917 sustinens
1548 865 1942 934 procurationis

258 940 448 993 officia.
499 938 735 992 Uxorem
775 938 1006 1007 primam
1037 939 1342 991 interventu
1380 938 1570 991 mortis
1610 939 1822 991 amittit.
1886 937 2010 991 Sim

257 1031 384 1067 vero
415 1014 578 1066 fuerit
610 1013 818 1081 mulier,
850 1016 903 1065 et
935 1012 1188 1064 maritum
1222 1012 1424 1065 amittit
1455 1013 1654 1082 pariter
1679 1015 1731 1065 et
1755 1013 1942 1066 filium.

259 1086 317 1141 Si
348 1089 405 1140 in
428 1088 606 1141 Leone
637 1086 780 1140 IMO.
804 1086 967 1140 fuerit
997 1086 1289 1156 inventum,
1321 1086 1481 1140 faciet
1512 1088 1730 1156 proprio
1762 1086 1944 1139 labore

259 1162 570 1231 patrimonii
609 1161 845 1214 subsidia
885 1163 1213 1230 quaerenteS,
1253 1164 1304 1214 et
1346 1161 1436 1230 qui
1469 1179 1499 1212 a
1531 1162 1640 1214 suis
1672 1161 1837 1214 variis
1869 1161 1944 1213 in-

259 1237 515 1289 sidiarum
555 1235 839 1306 generibus
872 1236 1157 1288 maximam
1190 1239 1584 1304 consequantur
1615 1235 1944 1288 substantiae

249 1311 582 1380 -facultatem,
630 1310 721 1363 sed
769 1328 903 1379 quae
951 1309 1093 1380 apud
1138 1310 1285 1380 ipsos
1333 1313 1621 1379 perpetuae
1671 1309 1944 1362 felicitatis
1970 1328 2011 1361 15

260 1385 444 1439 ordine
491 1388 805 1454 perseveret.
884 1382 989 1437 Sed
1042 1384 1173 1437 haec
1226 1403 1323 1453 pro
1376 1402 1622 1437 mensura
1668 1383 1946 1454 geniturae

260 1460 627 1514 decernuntur.

202 1535 233 1587 8
372 1533 813 1603 [Horoscopus
861 1533 928 1585 in
977 1531 1297 1601 Geminis]
1378 1531 1434 1585 Si
1481 1533 1538 1584 in
1578 1530 1815 1585 Geminis
1855 1533 1946 1585 ho-

91 1621 272 1664 mas-rs
292 1625 549 1677 roscopus
589 1608 752 1660 fuerit
791 1607 1056 1676 inventus,
1102 1608 1159 1659 in
1197 1606 1387 1675 primis
1427 1607 1568 1659 vitae
1622 1606 1944 1660 constitutus

261 1683 431 1736 initiis
471 1682 756 1750 laborabit,
804 1685 858 1734 et
896 1701 926 1733 a
967 1681 1279 1749 parentibus
1319 1681 1400 1733 illi
1440 1680 1696 1733 solacium
1739 1699 1947 1750 semper
1970 1699 2013 1731 20

261 1757 493 1809 affertur.
546 1755 668 1808 Erit
702 1774 826 1807 sane
860 1755 1174 1808 caelestibus
1208 1754 1421 1808 secretis
1454 1772 1662 1823 semper
1693 1755 1947 1824 imbutus,

262 1835 315 1883 et
361 1832 623 1883 maiorum
669 1831 906 1882 virorum
957 1830 1202 1882 fidelibus
1250 1829 1498 1882 amicitiis
1545 1829 1845 1898 adstrictus,
1896 1833 1949 1882 et

264 1905 356 1974 qui
410 1904 794 1974 patrimonium
842 1904 1114 1972 <per>dat.
1194 1901 1251 1955 Si
1298 1901 1413 1955 MC.
1462 1904 1620 1956 cardo
1674 1903 1837 1955 fuerit
1891 1904 1947 1955 in

261 1979 523 2048 Piscibus,
563 1980 727 2030 vitam
769 1996 918 2030 suam
960 1979 1015 2030 in
1053 1977 1172 2030 loco
1213 1994 1414 2046 aquoso
1455 1977 1748 2046 constituit,
1789 1980 1842 2029 et
1882 1995 1946 2030 ex

262 2053 481 2106 humida
529 2052 829 2105 substantia
874 2051 1202 2120 patrimonia
1247 2051 1557 2120 possidebit,
1598 2055 1649 2104 et
1687 2051 1859 2104 victus
1900 2052 1948 2104 ei
1971 2068 2011 2101 85

264 2147 328 2180 ex
375 2127 561 2179 alienis
610 2126 958 2179 facultatibus
1007 2126 1319 2193 conferetur,
1368 2129 1421 2178 et
1466 2126 1523 2177 in
1570 2125 1774 2177 duabus
1824 2125 1947 2177 civi-

205 2202 238 2254 9
263 2201 464 2254 tatibus
498 2204 589 2253 aut
622 2200 863 2268 potentia
895 2200 1008 2252 eius
1041 2203 1132 2252 aut
1161 2199 1542 2268 patrimonium
1568 2199 1847 2251 dividetur.
1890 2198 1947 2251 Si

266 2293 481 2328 occasus
522 2275 577 2326 in
611 2273 900 2344 Sagittario
937 2274 1099 2327 fuerit
1130 2273 1393 2341 inventuS,
1425 2276 1516 2325 aut
1547 2273 1805 2326 fratribus
1838 2273 1946 2325 suis

266 2353 358 2401 aut
404 2349 660 2402 affinibus
707 2366 801 2416 per
847 2349 1024 2416 ipsum
1064 2347 1282 2417 aliquod
1320 2347 1578 2400 inferetur
1617 2347 1855 2412 exitium,
1896 2350 1949 2399 et

384 2485 410 2523 4
445 2492 586 2535 semp.
614 2492 668 2522 ex
699 2478 826 2534 publ.
852 2478 960 2521 hab.
988 2480 1076 2521 act.
1103 2481 1142 2521 Δ
1259 2482 1284 2520 5
1319 2491 1500 2534 semper
1532 2478 1718 2532 aquosis
1745 2481 1784 2521 Δ
1823 2478 1827 2534 Ι
1863 2477 1947 2520 im-

265 2539 466 2595 plicatus
490 2539 586 2596 Na]
619 2538 876 2594 explicatus
999 2542 1022 2579 7
1056 2539 1102 2581 et
1134 2537 1304 2580 damna
1334 2537 1511 2593 pariter
1539 2539 1578 2580 Δ
1708 2542 1732 2580 9
1767 2536 1948 2580 alienae

266 2599 499 2642 sustinens
531 2601 555 2650 ζ
585 2599 708 2654 (post
738 2614 765 2640 κ
798 2599 878 2653 qui
907 2596 1133 2654 subiens)]
1167 2595 1342 2640 alienos
1374 2596 1584 2639 nutriens
1707 2600 1760 2639 10
1793 2595 1947 2639 officia

270 2658 374 2715 ΓΒ]
407 2657 559 2701 officio
591 2662 667 2701 cet.
693 2656 816 2758 L<et
847 2655 963 2714 qui>
993 2668 1182 2698 uxorem
1213 2671 1240 2697 a
1363 2660 1415 2698 12
1448 2655 1685 2711 propriore
1716 2659 1835 2697 BGO

269 2720 322 2760 13
355 2717 401 2759 et
432 2716 512 2770 qui
537 2715 594 2818 a&
616 2718 663 2759 et
726 2715 743 2758 i
863 2720 917 2758 14
950 2716 1290 2769 consequentur
1323 2716 1370 2758 Γ
1485 2718 1538 2757 18
1571 2714 1680 2757 Hor.
1713 2714 1762 2756 in
1794 2713 1946 2757 Gemi-

266 2774 337 2818 nis
361 2790 391 2817 v
421 2775 530 2819 Hor.
599 2774 853 2818 eminorum
882 2776 928 2817 Γ
946 2787 1028 2818 om.
1048 2776 1087 2816 A
1189 2778 1241 2816 21
1277 2772 1465 2818 secretis
1499 2773 1542 2831 σ]
1574 2772 1795 2816 felicioris
1828 2771 1946 2828 (feli-

266 2834 390 2877 noris
424 2837 473 2891 G)
535 2886 538 2891 Ι
592 2839 645 2876 22
679 2833 908 2877 malorum
939 2836 1018 2874 AB
1141 2836 1194 2875 23
1228 2832 1393 2888 perdat
1416 2833 1456 2889 ζ]
1492 2832 1573 2875 dat
1693 2837 1748 2875 24
1781 2832 1827 2875 et
1858 2831 1948 2875 erit

267 2907 323 2936 ex
347 2895 385 2935 A
413 2893 510 2949 (qui
536 2905 590 2935 ex
613 2895 668 2949 N)
764 2897 819 2935 25
851 2891 1046 2935 humida
1070 2891 1117 2949 κ]
1142 2892 1268 2935 omni
1296 2892 1300 2950 Ι
1329 2891 1372 2935 ei
1396 2905 1478 2934 om.
1502 2893 1548 2935 Γ
1634 2895 1688 2935 27
1714 2890 1946 2949 potentia]

267 2952 466 3008 pecunia
492 2965 516 2995 6
548 2951 811 2995 substantia
836 2954 859 3004 ζ
884 2953 890 3007 Ι
919 2950 1017 2994 eius
1043 2950 1084 3008 ζ]
1117 2950 1236 2993 aeris
1270 2954 1368 3008 (om.
1397 2953 1450 3007 0)
