2038 3162
265 113 458 158 XXVIII
930 111 1287 157 PRAEFATIO.

338 258 431 303 40.
473 256 814 311 casinensis,
853 269 1002 315 quem
1041 252 1258 316 Poggius
1297 269 1426 315 anno
1462 254 1602 302 1429
1642 254 1857 315 invenit,
1896 255 1957 302 cf.

265 328 423 391 Epist.
449 321 546 395 (ed.
565 321 807 394 Tonellis)
839 327 916 374 III
935 329 1000 375 37
1027 343 1074 388 p.
1095 327 1217 387 284,
1248 327 1321 374 IV
1340 328 1369 374 2
1395 343 1442 389 p.
1462 329 1583 390 295,
1614 328 1686 375 IV
1705 330 1736 376 4
1762 346 1809 391 p.
1829 329 1958 393 3033

269 402 388 451 Sittl
419 420 466 465 p.
486 402 533 449 V
563 403 615 449 et
644 402 709 461 X3
743 417 894 464 supra
924 418 957 463 Ρ
990 401 1114 448 VIII
1146 403 1196 449 et
1226 401 1404 449 XXVI.

340 481 420 525 41.
451 479 758 536 Exemplar
788 478 1042 534 magistri
1065 478 1245 533 Pauli,
1277 474 1336 523 de
1361 492 1458 538 quo
1483 474 1536 523 in
1560 476 1664 525 cod.
1689 476 1794 525 Pal.
1818 477 1958 525 1418

265 551 318 598 in
349 567 445 613 mg.
479 549 542 598 ad
574 549 625 597 II
650 551 682 597 4
701 567 720 600 s
751 549 956 613 legitur:
995 549 1062 597 Iu
1095 550 1358 609 exemplari
1386 552 1609 611 maqistri
1639 551 1788 599 Pauli
1819 551 1963 599 aliter

264 626 511 673 iuvenitur
547 624 679 672 velut
713 625 852 684 iufra
887 627 1098 672 notatur.
1163 622 1235 671 Cf.
1270 623 1390 672 Sittl
1421 641 1468 686 p.
1492 624 1602 672 XII.
1666 625 1800 672 Num
1843 625 1961 672 huic

174 695 177 697 ’
266 699 457 761 aliquid
489 714 601 746 cum
633 698 873 761 magistro
898 697 1106 759 Paucro,
1139 697 1198 745 de
1224 713 1320 759 quo
1355 711 1628 761 anonymus
1651 698 1960 748 Monacensis

268 771 426 821 dicit?
478 771 548 820 Of.
581 789 628 834 p.
653 772 837 820 XVIII.

340 847 415 894 Ex
445 846 510 894 M.
535 846 790 908 Manitius‚
820 846 1211 910 Philologisches
1239 862 1326 895 aus
1352 846 1486 894 alten
1509 846 1962 895 Bibliothekskata-

266 921 434 984 logen,
467 921 641 968 Rhein.
673 921 799 970 Mus.
824 920 1035 981 XLVII,
1077 920 1510 984 Erganzungsheft
1539 938 1587 983 p.
1613 921 1680 969 83
1715 920 1858 969 nobis
1889 921 1964 968 in-

270 997 869 1118 Ποῗέῗῃέἱίεὒαοθηείε
909 1063 1056 1117 ‘liber
1093 1068 1330 1117 mathesis
1368 1069 1491 1116 Iulii
1527 1065 1748 1117 Firmici’
1791 1062 1961 1136 (Cata-

269 1144 417 1207 logus
449 1159 572 1192 saec.
604 1136 754 1209 XII.).

341 1222 428 1266 43.
473 1220 904 1276 Bambergensis
937 1213 1105 1265 ‘Liber
1143 1217 1264 1265 Iulii
1302 1217 1458 1265 Firmi
1496 1214 1758 1266 mateseos’
1793 1210 1963 1285 (Cata-

266 1294 410 1357 logus
443 1307 567 1340 saec.
598 1285 774 1358 XIII).

342 1425 731 1474 Transeuntibus
764 1425 828 1473 ad
860 1425 1219 1474 enumerandas
1252 1426 1552 1474 editiones
1587 1427 1643 1473 et
1675 1441 1961 1473 commen-

269 1501 537 1549 tationes
571 1499 630 1548 de
661 1499 875 1548 Firmico
909 1501 1212 1562 conscriptas
1236 1502 1397 1562 primo
1422 1501 1531 1549 loco
1555 1500 1598 1548 is
1621 1493 1799 1565 liberl)
1832 1515 1962 1547 com·

270 1573 615 1623 memorandus
641 1576 729 1634 est,
763 1576 901 1622 cuius
924 1574 976 1621 in
1000 1574 1096 1623 fine
1123 1575 1328 1638 legitur:
1372 1573 1504 1634 Opus
1525 1569 1798 1634 Astrolabij
1817 1575 1964 1634 plani

267 1652 320 1698 iu
353 1650 553 1697 tabulis:
585 1663 616 1695 a
639 1649 825 1696 Iohdue
847 1646 1025 1708 Auyelz'
1056 1650 1237 1697 artium
1267 1648 1494 1697 liberalia
1524 1649 1753 1708 mayistro
1783 1664 1815 1696 a
1837 1663 1962 1696 nouo

269 1724 539 1772 elaboratu:
580 1723 772 1782 eoeplicit
807 1724 1018 1781 feliciter.
1076 1724 1300 1771 Erhurdi
1338 1723 1516 1771 ratdolt
1544 1721 1831 1782 Auqustfesis
1866 1718 1965 1770 viri

266 1799 476 1846 solertis:
508 1798 685 1845 emimia
715 1797 984 1845 industria:
1016 1798 1061 1844 ὢ
1085 1799 1211 1845 mira
1243 1796 1556 1857 imprimendi
1579 1800 1707 1844 arte:
1737 1811 1835 1857 qua
1856 1810 1962 1857 nup

266 1871 496 1931 venecijs:
541 1884 670 1917 nunc
707 1869 927 1930 Auyustc
963 1872 1262 1919 vindelicoru
1304 1871 1491 1918 excellet
1530 1871 1963 1919 nominatissimus.

278 1947 714 2006 Viyesimoseptimo
731 1946 963 1992 kalendas
980 1945 1280 1994 Novembris,
1305 1947 1380 1992 M.
1397 1944 1801 1993 0000LXXX
1811 1945 1962 1992 VIII.

268 2020 411 2068 Laus
435 2021 535 2067 deo.
575 2018 737 2066 Huius
762 2018 877 2066 libri
902 2020 1022 2067 satis
1047 2018 1196 2067 nitidi
1213 2012 1324 2085 (qui
1346 2019 1527 2066 iterum
1548 2020 1688 2066 1494
1715 2021 1766 2066 et
1788 2020 1962 2080 postea

270 2096 468 2156 saepius
493 2093 655 2140 editus
681 2086 779 2158 est)
801 2094 1149 2154 quaterniones
1176 2093 1239 2141 tv
1256 2108 1288 2140 x
1302 2108 1335 2154 y
1359 2095 1408 2140 et
1433 2092 1567 2141 senio
1584 2107 1610 2141 z
1627 2086 1707 2158 (=
1727 2094 1795 2140 44
1814 2086 1962 2158 folia)

269 2169 524 2217 continent
555 2167 757 2214 Firmici
789 2167 970 2214 librum
1002 2168 1205 2215 tertium
1231 2168 1333 2215 fere
1355 2168 1619 2230 integrum,
1653 2166 1820 2229 quarti
1850 2182 1962 2228 par-

269 2245 376 2290 'tum
413 2243 671 2302 maiorem,
715 2241 882 2303 quinti
919 2242 1022 2289 fere
1061 2243 1263 2289 tertiam
1302 2243 1507 2303 partem.
1573 2241 1771 2289 Titulus
1811 2240 1962 2301 deest,

270 2315 354 2364 sed
393 2318 445 2363 in
485 2316 605 2363 folio
645 2314 804 2377 primo
845 2331 987 2364 verso
1027 2315 1242 2363 binionis
1274 2330 1299 2363 s
1338 2316 1459 2363 haec
1498 2315 1775 2376 praedicta:
1824 2315 1962 2362 Inse-

270 2393 434 2450 quitur
464 2391 554 2437 has
585 2390 779 2437 tabulas
812 2392 1045 2438 tractatus
1077 2391 1276 2448 quidam
1308 2391 1361 2436 iu
1391 2389 1730 2436 natiuitatibus
1757 2388 1963 2435 multum

270 2464 410 2511 vtilis.
454 2478 510 2511 ex
541 2464 679 2511 libris
708 2464 1013 2511 subtilissimi
1051 2465 1277 2524 astroloyi
1308 2463 1435 2522 Iulij
1470 2463 1672 2521 firmici:
1712 2465 1962 2511 extractus,

270 2538 337 2584 Iu
377 2552 491 2597 quo:
530 2538 647 2598 quid
685 2538 884 2597 planete
922 2539 976 2585 in
1013 2539 1190 2598 siquis:
1229 2552 1287 2586 ac
1325 2537 1574 2584 duodecim
1612 2536 1830 2584 domibus
1861 2536 1961 2583 celi.

272 2612 388 2670 quid
421 2613 563 2659 eliam
588 2613 730 2671 siqua
754 2626 903 2675 queq3
925 2614 978 2659 iu
1007 2615 1214 2671 quatuor
1246 2611 1439 2670 auyulis
1471 2611 1556 2658 celi
1585 2613 1700 2658 nato
1725 2610 1962 2658 tribuant.-

273 2686 455 2744 copz‘osc
487 2700 545 2733 ac
577 2688 745 2733 ornato
777 2686 886 2733 stilo
910 2688 1254 2744 pertractatur.
1311 2683 1545 2745 Capitum
1582 2683 1699 2731 ordo
1738 2684 1961 2730 mutatus

274 2761 347 2806 est
386 2759 478 2806 hoc
516 2759 675 2820 modo.
748 2758 968 2822 Singulis
1014 2758 1258 2821 capitibus
1306 2758 1382 2805 III
1423 2761 1468 2805 2.
1520 2759 1548 2805 3
1577 2775 1714 2807 1—23.
1763 2758 1795 2803 4
1824 2774 1959 2805 1—39.

349 2931 391 2985 1)
425 2928 482 2971 de
514 2942 604 2984 quo
638 2928 690 2973 A.
709 2928 945 2986 Warburg
974 2943 1058 2973 nos
1088 2927 1283 2972 monuit.
