2084 3192
769 20 854 103 Vli
885 64 956 115 21,
980 64 1135 115 4—22,
1159 73 1192 103 1.
1718 60 1824 112 257

140 181 392 234 societate
455 180 793 247 coniunctus,
862 183 915 232 et
984 180 1041 232 in
1102 179 1325 248 tropicis
1387 179 1553 250 signis
1619 181 1827 248 positus

139 254 322 308 Lunae
367 258 420 307 et
467 252 697 306 Saturno
750 254 990 322 qualibet
1042 253 1338 306 radiatione
1391 255 1667 324 iungatur,
1720 255 1828 322 epi·

138 329 422 398 lempticos
473 329 690 380 insanos
743 327 979 381 efficient
1027 330 1082 379 et
1134 327 1375 380 caducos
1454 326 1512 380 Si
1566 346 1689 380 vero
1744 328 1829 380 his

139 404 217 455 sic
270 402 550 468 ordinatiS,
603 399 847 470 Iuppiter
904 401 967 453 de
1029 402 1293 470 superiori
1352 402 1472 453 loco
1533 401 1831 469 respexerit

94 499 114 531 ⁵
141 476 464 530 Mercurium
504 480 556 527 et
595 475 776 527 Lunae
823 475 1252 528 coniunctionem
1296 477 1577 544 exceperit,
1624 479 1829 544 aposte-

140 555 282 604 mate
328 549 490 603 secati
542 550 852 602 liberantur.
930 548 988 602 Si
1035 567 1159 602 vero
1206 548 1351 601 Mars
1398 550 1452 601 in
1495 547 1583 601 VI.
1633 553 1726 601 aut
1772 551 1829 602 in
1846 550 1880 603 9

138 623 255 677 XII.
297 625 363 677 ab
413 625 712 692 horoscopo
767 623 886 676 loco
933 624 1096 676 fuerit
1148 623 1419 690 inventuS,
1473 626 1527 675 et
1577 641 1697 676 eum
1754 624 1830 676 sic

140 700 457 752 collocatum
500 696 594 750 Sol
627 697 991 766 Saturnusque
1034 697 1339 767 respiciant,
1376 697 1737 766 aegritudines
1776 701 1830 749 et

139 773 270 825 vitia
309 791 430 826 cum
469 773 662 824 misera
701 771 1004 825 calamitate
1044 771 1347 825 decernunt.
1426 770 1482 823 Si
1524 789 1647 823 vero
1686 771 1828 824 Mars

73 869 116 901 ιο
140 847 216 900 sic
261 847 471 916 positus
518 849 572 898 et
619 846 675 898 in
720 846 1015 898 masculino
1063 846 1218 914 signo
1266 845 1588 898 constitutus
1637 845 1701 897 de
1747 863 1830 898 su-

138 922 338 990 periori
375 920 493 973 loco
536 919 715 972 Solem
768 923 820 971 et
858 919 1064 971 Lunam
1105 919 1362 987 quadrata
1408 919 1704 972 radiatione
1753 938 1831 972 re-

138 995 385 1064 spexerit,
424 994 480 1046 in
510 997 702 1046 natura
733 1012 895 1064 grave
933 994 1124 1046 vitium
1155 994 1327 1046 faciet.
1392 992 1450 1046 Si
1481 1011 1606 1046 vero
1648 993 1829 1046 mulie-

138 1070 211 1122 ris
266 1070 429 1121 fuerit
482 1069 750 1138 genitura,
812 1068 877 1120 ab
932 1067 1125 1120 abortu
1179 1071 1272 1120 aut
1326 1085 1390 1120 ex
1444 1067 1590 1120 editu
1644 1071 1830 1136 partus

139 1143 324 1213 gravia
347 1143 652 1195 discrimina
684 1161 893 1211 semper
923 1141 1127 1211 indicit,
1160 1146 1252 1194 aut
1284 1144 1429 1195 secto
1463 1143 1604 1194 intra
1627 1143 1832 1196 viscera

73 1239 114 1271 15
138 1218 341 1270 infante
382 1220 435 1270 et
474 1215 550 1269 sic
589 1217 799 1285 prolato
851 1216 1090 1269 matricis
1135 1220 1423 1285 perpetuos
1472 1216 1679 1270 dolores
1722 1217 1831 1269 effi-

139 1291 255 1343 ciet.
320 1291 374 1344 Si
416 1289 660 1360 Iuppiter
699 1291 755 1342 in
785 1289 1083 1359 horoscopo
1115 1290 1279 1343 fuerit
1310 1290 1572 1359 inventus,
1604 1294 1658 1343 et
1687 1291 1830 1343 Mars
1851 1290 1919 1342 10

137 1368 194 1418 in
242 1365 500 1418 diametro
541 1364 654 1417 eius
694 1364 986 1417 collocatus
1028 1363 1206 1417 Solem
1248 1367 1301 1416 et
1345 1364 1551 1418 Lunam
1591 1365 1830 1433 qualibet

138 1439 433 1492 radiatione
472 1439 738 1508 respiciat,
779 1442 871 1491 aut
910 1439 1124 1492 insanos
1168 1442 1262 1491 aut
1306 1439 1570 1492 lunaticos
1618 1439 1829 1493 efficiet.

139 1511 245 1566 Sed
285 1517 337 1565 et
376 1514 420 1565 si
460 1513 612 1565 Luna
651 1513 905 1581 synodica
950 1516 1044 1565 aut
1088 1514 1247 1582 plena
1293 1514 1350 1565 in
1388 1513 1691 1566 cardinibus
1738 1531 1831 1582 po-

72 1610 115 1642 20
139 1589 244 1640 sita
267 1587 491 1640 Martem
526 1588 783 1655 quadrata
812 1587 1111 1640 radiatione
1141 1588 1452 1656 respexerit,
1484 1590 1537 1639 et
1570 1585 1830 1640 Saturnus

141 1662 189 1714 ei
227 1679 322 1730 per
362 1661 680 1730 quadratum
720 1665 813 1712 aut
850 1679 945 1730 per
983 1661 1300 1714 diametrum
1340 1661 1609 1732 iungatur,
1648 1662 1830 1714 eadem

137 1736 269 1789 vitia
309 1736 678 1789 decernuntur.

901 1882 1069 1935 XXII.

251 1986 368 2056 [De
422 1986 751 2057 regalibus
807 1986 1176 2057 genituris]
1255 1985 1313 2039 Si
1354 1986 1446 2039 Sol
1493 1990 1547 2039 et
1585 1986 1734 2039 Luna
1774 1987 1878 2040 inl

73 2084 115 2116 25
142 2061 448 2113 masculinis
497 2061 664 2130 signis
712 2062 994 2114 constituti
1040 2063 1096 2114 in
1143 2062 1331 2128 primis
1379 2062 1486 2112 sint
1526 2060 1831 2114 cardinibus

140 2134 402 2202 collocati,
440 2134 702 2187 benivolis
742 2135 911 2187 stellis
942 2135 1018 2186 ita
1048 2135 1257 2204 positis,
1297 2138 1358 2187 ut
1397 2133 1576 2187 Solem
1616 2135 1830 2203 quidem

140 2210 197 2260 in
237 2209 426 2260 diurna
465 2210 711 2278 genitura
751 2209 807 2261 in
841 2210 1106 2262 matutino
1141 2213 1263 2262 ortu
1295 2210 1618 2262 constitutae
1660 2212 1831 2277 prote-

140 2286 285 2353 gant,
328 2283 379 2334 in
418 2286 680 2335 nocturna
717 2300 843 2335 vero
883 2284 1131 2353 genitura
1168 2283 1375 2335 Lunam
1422 2284 1478 2335 in
1525 2283 1828 2367 vespertino

141 2361 263 2409 ortu
302 2359 600 2426 protegant,
641 2374 789 2426 reges
827 2357 1025 2409 facient
1056 2357 1320 2410 teriibiles
1359 2360 1622 2426 potenteS,
1660 2358 1830 2427 regio-

72 2453 116 2484 30
141 2449 233 2482 nes
288 2432 374 2483 vel
426 2431 669 2482 civitates
724 2430 981 2483 maximas
1035 2432 1401 2502 subiuganteS.
1483 2429 1541 2483 Si
1595 2449 1719 2483 vero
1774 2430 1831 2483 in

260 2566 284 2604 2
318 2561 450 2603 Luna
482 2563 527 2603 et
561 2559 785 2604 Saturnus
820 2597 828 2604 .
857 2595 866 2604 .
894 2597 903 2605 .
937 2562 1194 2618 iungantur
1223 2566 1326 2604 NW
1368 2576 1479 2606 corr.
1513 2565 1538 2614 ζ
1592 2566 1598 2616 Ι
1656 2561 1829 2617 epilen-

140 2621 259 2663 ticos
283 2624 385 2662 Nw
506 2623 532 2662 5
564 2619 841 2663 Mercurium
866 2621 964 2680 wb]
997 2620 1216 2664 Mercurii
1241 2626 1317 2663 W·
1348 2620 1576 2664 Mercurio
1600 2626 1639 2663 N
1674 2623 1680 2676 Ι
1718 2620 1830 2664 luna

141 2679 522 2722 coniunctionum
552 2683 591 2720 N
633 2684 638 2726 Ι
682 2679 983 2738 (venientis)
1016 2682 1084 2724 vel
1115 2680 1436 2738 (crescentis)
1462 2681 1696 2736 exceperit
1727 2682 1787 2732 κζ
1820 2681 1824 2738 1

141 2740 434 2793 apostemata
463 2742 566 2779 NW
597 2752 710 2782 corr.
735 2756 762 2781 κ
787 2744 827 2782 et
852 2752 877 2781 σ
901 2740 982 2795 qui
1005 2739 1138 2798 <ab>
1164 2755 1238 2794 ap.
1362 2743 1415 2783 10
1449 2739 1684 2795 superiore
1717 2743 1770 2780 W

144 2802 197 2840 13
232 2797 394 2856 (ista)
427 2811 529 2853 gen.
564 2798 588 2849 ζ
642 2797 647 2855 Ι
706 2796 764 2840 ab
796 2798 879 2842 del.
905 2802 930 2850 ζ
1067 2804 1118 2841 14
1151 2798 1332 2841 inducit
1363 2802 1402 2839 N
1537 2803 1589 2841 15
1621 2797 1829 2854 prolatos

141 2860 180 2897 N
303 2860 357 2899 18
390 2855 534 2899 efficit
568 2869 592 2898 6
714 2861 768 2899 29
801 2859 1014 2912 potentes
1047 2857 1280 2900 terribiles
1313 2861 1367 2898 W

231 2938 438 2978 Fnuncus,
464 2938 546 2969 edd.
572 2939 634 2969 Kr
617 2938 728 2979 roll,
756 2939 963 2971 Skutsch
986 2942 1022 2971 et
1046 2939 1249 2981 Ziegler.
1273 2940 1325 2971 11.
1509 2936 1561 2974 17
