2038 3162
249 116 292 161 X
916 113 1273 161 PRAEFATIO.

324 257 427 304 Der
465 255 692 304 Einband
730 255 813 304 des
851 255 1070 320 jetzigen
1103 254 1210 304 Cas.
1245 257 1347 305 361
1390 257 1566 320 gehort
1603 258 1719 307 eher
1756 258 1808 306 in
1847 257 1938 306 das

254 333 336 380 17.
361 331 534 379 Jahrh.
568 330 641 378 als
672 330 725 377 in
756 330 844 377 das
879 332 962 380 16.
986 330 1160 378 Jahrb.

320 404 508 469 Poggio
539 406 593 452 in
617 404 760 452 Brief
788 405 835 464 3,
862 405 928 451 37
963 406 1092 467 sagt,
1124 404 1220 452 dass
1245 421 1343 454 von
1366 404 1608 454 Firmicus
1639 406 1806 454 fehlen
1828 408 1936 466 pri-

247 495 354 528 mus
386 480 506 528 liber
538 482 580 526 et
608 480 720 526 item
741 493 869 539 pars
899 479 1119 540 secund233
1155 477 1332 526 ebenso
1364 480 1416 526 in
1448 479 1591 527 Brief
1620 481 1667 541 3,
1693 481 1777 528 39.

321 567 398 616 Im
428 567 647 630 Katalog
679 582 722 615 a.
751 568 893 616 1532
926 567 1068 615 heisst
1099 582 1172 616 es:
1202 569 1334 628 incip
1358 568 1463 616 Hec
1493 570 1659 617 omnia
1689 583 1790 629 que.
1839 569 1939 616 Da-

170 708 174 710 .
245 643 340 690 mit
376 641 444 690 ist
475 640 761 690 schwerlich
800 658 847 703 p.
881 643 927 697 1,
954 643 1019 689 21
1064 641 1182 690 oder
1219 659 1266 704 p.
1297 643 1384 703 40,
1413 643 1478 690 18
1520 635 1817 710 (81(.-Κ1“011)
1851 659 1935 707 ge·

245 716 440 839 3332111113'11
443 715 658 856 Ξέιςᾶπη
688 731 736 777 p.
765 717 850 777 93,
877 717 941 764 11
979 715 1096 763 oder
1118 716 1360 764 vielmehr
1388 733 1434 779 p.
1463 717 1547 778 39,
1573 717 1605 764 4
1631 710 1707 783 (111
1731 717 1938 766 anderer

319 879 481 928 Wenn
520 879 598 926 die
641 878 793 926 Stelle
832 896 879 941 p.
915 880 999 940 39,
1033 879 1175 926 4-7
1209 878 1261 926 in
1302 877 1581 928 casinensis
1620 878 1797 929 ebenso
1843 881 1935 928 wie

244 954 297 1001 in
327 970 365 1002 v
402 953 605 1017 gestellt
642 969 768 1015 war,
809 954 914 1002 also
951 953 1118 1001 hinter
1147 952 1199 1001 II
1232 955 1317 1014 28,
1357 969 1410 1002 so
1449 960 1580 1002 ware
1617 953 1812 1002 freilich
1851 954 1938 1003 der

246 1029 439 1076 Monac.
462 1028 548 1076 lat.
577 1028 698 1089 560,
731 1027 818 1075 der
839 1027 920 1075 bei
949 1027 1001 1074 II
1026 1029 1094 1075 28
1127 1027 1352 1088 schliesst,
1385 1029 1567 1075 seinem
1589 1027 1786 1076 Inhalte
1808 1029 1935 1076 nach

246 1102 333 1151 das
374 1101 697 1164 Supplement
735 1118 846 1149 zum
885 1101 1128 1150 Firmicus
1170 1100 1470 1163 Casinensis,
1515 1101 1634 1150 aber
1671 1102 1808 1150 nicht
1847 1103 1935 1151 das

246 1175 493 1240 Original‚
534 1175 745 1224 sondern
784 1175 862 1223 die
893 1175 1150 1225 Abschrift
1189 1175 1272 1225 des
1305 1177 1586 1237 verlornen,
1626 1193 1688 1224 zu
1718 1176 1935 1242 Poggios

246 1251 352 1299 Zeit
383 1251 531 1300 schon
562 1250 700 1298 nicht
729 1251 869 1298 mehr
901 1250 1250 1300 vorhandenen
1282 1251 1475 1300 Buches
1505 1249 1648 1313 Isq.“

318 1339 663 1388 Monacensem
694 1341 743 1387 615
773 1339 1057 1387 Parisinum
1096 1339 1300 1401 sapiunt
1330 1339 1498 1388 variae
1529 1339 1787 1401 lectiones,
1827 1340 1935 1402 qui-

243 1414 334 1463 bus
364 1415 470 1475 ipse
499 1413 732 1462 librarius
765 1413 948 1462 codicis

318 1508 368 1551 9.
401 1506 693 1551 Leidensis
715 1506 978 1550 Vossiani
1005 1502 1043 1560 Q
1065 1504 1131 1551 92
1158 1502 1360 1552 membr.
1378 1503 1482 1550 foll.
1504 1505 1607 1551 113
1636 1517 1726 1552 cm.
1746 1503 1846 1551 24:
1867 1504 1931 1551 16

243 1593 367 1625 saec.
383 1577 481 1625 ΧΠ
484 1571 516 1641 s
519 1576 653 1625 XIII
672 1593 808 1625 mera
825 1577 1030 1624 Firmici
1045 1577 1195 1626 verba
1220 1593 1279 1625 ex
1301 1593 1427 1640 puro
1449 1578 1584 1626 fonte
1604 1570 1743 1641 (licet
1757 1592 1930 1639 parum

243 1645 529 1716 diligenter)
546 1651 704 1712 petita
729 1651 1023 1711 sordidavit3
1058 1651 1342 1713 complent
1328 1668 1381 1698 1n
1407 1651 1571 1699 codice
1594 1651 1699 1699 foll.
1719 1652 1934 1713 3—74²‚

244 1726 475 1773 desinunt
523 1726 625 1773 269
633 1742 702 1785 ‚.19
783 1723 852 1772 Of.
886 1687 1049 1785 Kroll,
1095 1725 1223 1773 Berl.
1256 1726 1376 1788 phil.
1409 1725 1754 1773 Wochenschr.
1790 1725 1930 1773 1898

243 1816 289 1861 p.
316 1800 421 1847 413
442 1815 512 1861 sq.
567 1799 747 1847 Aetate
778 1815 884 1861 par,
915 1799 1100 1847 virtute
1131 1799 1336 1847 inferior
1368 1802 1442 1848 est
1473 1800 1716 1862 planeque
1741 1798 1804 1847 ad
1828 1799 1933 1847 Mo-

242 1874 466 1922 nacensis
498 1874 746 1921 vilitatem
777 1873 980 1934 accedit,
1012 1873 1097 1921 sed
1129 1876 1179 1922 et
1209 1873 1310 1921 suis
1340 1874 1532 1921 mendis
1563 1875 1723 1922 scatet

315 1968 398 2010 10.
431 1965 834 2010 Escorialensis
868 1960 902 2009 O
929 1961 1000 2008 IV
1029 1964 1092 2010 13
1126 1962 1328 2010 membr.
1360 1962 1464 2010 foll.
1495 1963 1597 2010 108
1632 1977 1754 2010 saec.
1779 1961 1931 2022 XIII„

243 2036 468 2084 desinens
510 2037 613 2084 269
634 2054 689 2085 11.
760 2035 901 2092 Quod
940 2036 1003 2084 ad
1048 2035 1354 2098 probandum
1397 2037 1628 2098 ponimus
1668 2035 1929 2084 nonnullas

243 2110 346 2159 eius
384 2110 620 2158 lectiones
659 2110 1018 2159 consentientes
1058 2126 1169 2159 cum
1199 2110 1504 2170 Monacensi‚
1545 2125 1666 2171 quas
1699 2109 1930 2158 debemus

243 2183 465 2246 Benigno
491 2183 772 2232 Fernandez
797 2177 882 2250 (cf.
906 2184 1002 2232 vol.
1026 2184 1053 2232 I
1082 2201 1129 2246 p.
1148 2178 1265 2251 V1):
1307 2186 1373 2233 19
1393 2203 1414 2234 8
1446 2183 1677 2232 debemus
1708 2185 1929 2245 repetere

245 2275 288 2307 24
319 2258 673 2306 dilaceratione
738 2259 806 2307 20
826 2276 843 2307 1
874 2258 1123 2320 permittit
1146 2258 1251 2307 fieri
1330 2276 1369 2308 12
1400 2258 1651 2320 proferens
1723 2259 1787 2305 21
1810 2274 1828 2306 ‘1
1854 2257 1929 2304 di-

244 2332 398 2379 cimus
477 2334 542 2379 22
564 2349 583 2381 6
614 2332 791 2380 Italiae
823 2347 979 2393 paene
1042 2350 1060 2381 '1
1093 2333 1343 2380 saeviente
1374 2332 1574 2380 flamma
1637 2349 1678 2380 13
1702 2330 1809 2378 fieri
1839 2347 1928 2393 pu-

242 2409 319 2453 tas
390 2423 432 2454 14
462 2421 575 2453 cum
607 2406 648 2454 si
673 2407 809 2455 Mon.
835 2406 877 2453 si
908 2420 996 2454 om.
1024 2407 1135 2453 Esc.
1198 2423 1238 2456 1⁷
1272 2401 1412 2470 quia]
1447 2404 1579 2467 quod
1649 2423 1691 2455 18
1724 2407 1928 2468 cogente

243 2480 347 2527 fato
464 2481 530 2527 23
551 2497 593 2529 14
638 2480 903 2543 flagrantia
1006 2498 1048 2530 28
1088 2474 1360 2544 auctorem]
1401 2478 1750 2527 auctoritatem
1788 2479 1926 2526 Mon.

243 2555 367 2600 -tate
399 2554 511 2601 Esc.
630 2555 696 2600 24
715 2572 757 2604 24
793 2549 1020 2618 potuere]
1062 2556 1297 2616 poterunt
1334 2554 1471 2602 Mon.
1505 2554 1778 2614 potuerunt
1811 2552 1925 2600 Esc.

247 2629 314 2675 25
333 2644 352 2674 2
379 2627 717 2675 Themistodes
803 2629 869 2675 26
890 2645 932 2676 10
963 2628 1040 2675 his
1071 2623 1248 2692 tantis]
1282 2627 1436 2675 tantis
1465 2626 1542 2674 his
1566 2627 1704 2674 Mon.
1728 2626 1805 2674 his
1837 2641 1925 2675 om

243 2701 355 2749 Esc.
373 2695 453 2766 (=
470 2695 545 2766 N)
616 2717 657 2750 15
682 2701 1003 2750 conferuntur
1078 2718 1120 2750 18
1142 2700 1472 2763 parricidialis
1490 2693 1570 2766 (=
1586 2693 1662 2766 N)
1731 2717 1773 2749 21
1799 2701 1848 2746 615
1871 2701 1928 2748 ut

245 2775 312 2821 28
331 2790 351 2822 s
382 2776 678 2835 potestatem
789 2793 830 2824 11
861 2774 946 2822 ubi
978 2777 1092 2822 sunt
1121 2774 1306 2823 iudicia
1411 2790 1452 2823 16
1484 2775 1634 2822 etiam
1664 2789 1753 2835 per
1782 2773 1927 2821 illum

243 2848 380 2895 Mon.
421 2848 588 2895 Etiam
618 2848 762 2895 illum
795 2842 907 2915 (per
936 2841 1050 2914 om.)
1083 2848 1196 2897 Esc.
1309 2865 1350 2897 28
1391 2850 1438 2894 ct
1478 2863 1566 2895 om.
1682 2848 1748 2894 29
1768 2864 1788 2896 3
1827 2847 1926 2894 for-

242 2916 405 2984 tuitis]
445 2921 750 2970 fortitudinis
863 2939 882 2970 ‘1
922 2937 1047 2982 quas
1093 2921 1289 2985 subegit
1334 2922 1557 2986 gentium
1669 2938 1713 2975 14
1752 2919 1926 2973 fecerit
