2084 3192
760 140 845 185 VII
878 146 946 196 14,
972 146 1125 196 8—-16,
1151 155 1184 186 1.
1707 141 1814 194 243

124 263 258 314 tales
305 263 398 332 qui
434 279 728 331 numquam
766 262 1086 315 feminarum
1132 261 1305 314 coitus
1350 261 1572 330 †velint
1625 262 1814 314 saltem

126 335 417 405 cupiditate
472 335 785 388 desiderent.
863 335 965 389 Sed
1019 338 1073 388 et
1127 334 1171 387 si
1221 334 1368 389 Mars
1422 338 1476 387 et
1519 335 1815 388 Mercurius

124 410 396 463 domicilia
435 427 531 462 sua
570 410 911 478 mutaverint,
949 409 1155 462 scilicet
1193 412 1255 461 ut
1291 409 1434 462 Mars
1474 409 1531 461 in
1560 409 1813 462 Mercurii

123 484 282 536 domo
336 484 428 552 sit,
482 482 779 539 Mercurius
831 485 890 536 in
942 483 1152 550 Martie,
1204 501 1496 553 puerorum
1550 486 1813 537 amatores

77 579 96 612 5
122 557 377 629 efficient,
421 557 736 626 praesertim
784 558 829 610 si
876 558 953 610 sic
991 552 1155 627 positi
1201 556 1258 609 in
1298 556 1502 609 deiecto
1541 557 1607 609 ab
1659 558 1813 611 horo-

120 650 283 701 scopo
321 632 440 685 loco
478 631 680 684 fuerint
718 632 1012 685 constituti.
1090 630 1211 684 Hoc
1248 631 1389 683 idem
1428 631 1635 684 faciunt
1674 635 1728 685 et
1765 633 1812 684 si

119 705 176 758 in
213 705 402 759 Martis
441 705 602 758 domo
643 705 803 759 simul
840 706 1056 759 fuerint.
1133 704 1237 757 Sed
1267 707 1322 756 et
1354 706 1398 758 si
1428 705 1724 758 Mercu-rius
1755 706 1863 759 1113

119 779 277 832 domo
323 779 515 833 Martis
561 781 741 849 fuerit,
787 783 841 832 et
885 779 1029 832 Mars
1076 797 1198 831 eum
1245 778 1330 832 vel
1384 780 1642 848 quadrata
1695 780 1781 832 vel
1805 793 1993 835 f01.9⁶rt

118 853 377 908 diametra
398 853 693 906 radiatione
723 853 989 923 respiciat,
1012 871 1300 922 puerorum
1332 857 1594 907 amatores
1619 853 1808 906 reddit.

51 950 93 982 10
117 926 261 981 Mars
300 927 550 981 similiter
588 929 634 980 si
664 928 722 981 in
753 929 911 981 domo
943 926 1197 980 Mercurii
1226 927 1406 995 fuerit,
1438 931 1491 980 et
1520 946 1641 979 eum
1673 927 1810 980 Mer-

117 1002 295 1055 curius
335 1002 592 1070 quadrata
630 1003 716 1056 vel
754 1003 1012 1055 diametra
1050 1002 1345 1054 radiatione
1383 1002 1656 1071 respiciat,
1706 1001 1809 1055 hoc

114 1075 355 1129 libidinis
401 1076 594 1130 vitium
641 1077 806 1129 simili
860 1079 1127 1146 potestate
1175 1075 1423 1129 decernit.
1501 1075 1605 1128 Sed
1656 1079 1709 1128 et
1762 1079 1808 1129 si

114 1149 267 1202 Luna
304 1151 362 1203 in
400 1150 559 1204 domo
593 1150 858 1219 Mercurii,
895 1149 982 1203 vel
1019 1150 1075 1202 in
1111 1149 1310 1203 finibus
1341 1149 1606 1219 Mercurii,
1636 1150 1807 1219 <Mer-

115 1224 291 1276 curius
331 1223 493 1292 vero>
523 1225 581 1276 in
619 1224 777 1278 domo
810 1225 991 1277 Lunae
1023 1224 1187 1276 fuerit
1218 1225 1480 1294 inventuS,
1519 1242 1806 1293 puerorum

49 1319 90 1352 1⁵
116 1303 378 1351 amatores
418 1299 629 1352 efficiet.

890 1461 1034 1515 XVI.

224 1564 579 1636 [Quatenus
621 1566 911 1619 invenias
945 1571 1098 1635 quot
1139 1566 1280 1634 quis
1315 1566 1501 1618 ducat
1531 1566 1799 1635 uxorea]
1823 1568 1850 1618 1

112 1637 170 1691 Si
209 1639 392 1692 Venus
430 1641 486 1692 in
518 1639 632 1692 MC.
665 1641 830 1693 fuerit
861 1641 1092 1708 inventa,
1124 1644 1177 1693 et
1208 1658 1320 1692 eam
1355 1639 1508 1692 Luna
1538 1639 1802 1710 trigonica

110 1713 406 1766 radiatione
444 1715 710 1783 respiciat,
747 1714 1051 1783 habeatque
1091 1716 1247 1767 etiam
1295 1717 1587 1766 ceterarum
1628 1714 1803 1767 stella-

44 1808 87 1840 20
110 1806 228 1840 rum
277 1787 606 1856 testimonia,
660 1807 819 1841 unam
869 1789 1103 1841 decernit
1148 1806 1384 1841 uxorem.
1462 1787 1520 1841 Si
1566 1806 1689 1840 vero
1744 1789 1801 1842 in

109 1860 214 1914 alio
262 1879 598 1932 quocumque
643 1864 762 1915 loco
801 1863 964 1916 fuerit
1003 1863 1241 1930 inventa,
1291 1866 1525 1931 conputa
1570 1863 1636 1914 ab
1683 1861 1800 1930 ipsa

108 1934 316 1989 Venere
354 1955 524 2005 usque
563 1937 630 1989 ad
668 1936 800 1989 illud
842 1937 1054 2007 signum
1095 1937 1152 1988 in
1191 1954 1297 2005 quo
1343 1936 1611 2005 partiliter
1648 1935 1798 1989 locus

109 2010 351 2080 coniugis
387 2011 670 2078 invenitur,
708 2011 831 2080 (et)
868 2015 1295 2080 quantacumque
1333 2010 1533 2063 fuerint
1576 2011 1727 2080 signa
1767 2029 1798 2062 a

108 2082 316 2136 Venere
353 2102 524 2152 usque
562 2084 629 2136 ad
669 2085 880 2154 signum
923 2086 1182 2155 coniugiS,
1225 2088 1402 2137 tantae
1442 2085 1798 2138 decernuntur

40 2178 82 2210 25
107 2175 313 2210 uxoreS.
392 2157 480 2210 Sic
527 2161 580 2210 et
626 2158 683 2211 in
731 2158 1005 2211 femininis
1053 2159 1314 2229 genituris
1362 2158 1426 2210 de
1474 2158 1682 2210 maritis
1719 2159 1796 2210 in·

107 2231 299 2283 venies,
378 2231 481 2284 Sed
520 2231 658 2284 hanc
694 2233 955 2285 rationem
996 2234 1088 2284 alii
1125 2232 1376 2301 probent,
1423 2251 1454 2284 a
1491 2232 1646 2284 nobis
1685 2250 1796 2285 non

105 2305 378 2373 probatur.

226 2471 246 2508 1
281 2465 446 2524 velint]
478 2466 550 2509 vel
582 2471 619 2509 A
666 2467 826 2523 aliqua
859 2480 883 2510 6
926 2467 1000 2511 vel
1031 2467 1255 2511 mediocri
1295 2469 1361 2511 vel
1390 2466 1465 2511 vel
1495 2466 1681 2510 modica
1710 2470 1735 2518 ζ

105 2528 130 2566 5
163 2524 373 2567 efficiunt
404 2524 498 2567 A'B
557 2529 562 2580 Ι
620 2525 720 2584 [ab]
753 2526 995 2583 horoscopi
1031 2541 1056 2570 σ
1087 2528 1143 2580 cf.
1177 2530 1343 2579 227212
1465 2531 1518 2570 10
1551 2527 1640 2583 leye
1672 2525 1789 2568 Mer-

105 2586 203 2626 curi
235 2585 390 2628 itidem
422 2585 448 2628 l.
486 2589 538 2626 13
692 2590 745 2627 13
779 2587 884 2629 add.
917 2600 947 2628 v
985 2585 1072 2642 (vel
1106 2588 1164 2640 Δ)
1318 2590 1369 2628 17
1405 2586 1563 2629 lemma
1596 2599 1677 2628 om.
1711 2588 1788 2626 BD

104 2641 226 2693 Quot
250 2643 421 2686 dantur
446 2643 666 2700 coniuges
691 2648 730 2686 N
779 2649 783 2697 Ι
836 2647 949 2699 quot
980 2644 1105 2702 quis]
1138 2645 1263 2700 quod
1288 2645 1390 2700 quis
1415 2659 1443 2686 v
1475 2644 1580 2700 quis
1604 2644 1727 2698 quod
1755 2648 1789 2685 G

102 2701 206 2755 quis
231 2703 346 2756 quot
369 2706 405 2744 A
459 2705 465 2757 1
519 2704 660 2746 ducat
682 2717 846 2747 uxores
870 2704 926 2761 A]
961 2704 1144 2747 dicatur
1168 2717 1295 2746 orcas
1323 2708 1394 2745 Gv
1515 2709 1569 2746 22
1603 2703 1786 2758 signum

100 2758 218 2803 illud
250 2763 290 2804 Δ
415 2766 468 2804 23
502 2763 657 2814 αᾱά.ζ
787 2767 840 2804 24
874 2763 1057 2819 signum
1091 2763 1198 2820 ΑΔ]
1231 2763 1365 2819 signa
1396 2766 1511 2804 BGv
1633 2767 1687 2804 25
1721 2761 1785 2805 fe·

99 2818 290 2863 mininis
322 2821 424 2878 AN]
472 2820 684 2864 femineis
717 2825 831 2863 BGv
876 2821 1062 2864 feminis
1094 2826 1129 2863 1)
1186 2825 1191 2877 Ι
1249 2821 1477 2878 genituris
1509 2835 1591 2864 om.
1625 2823 1663 2863 Δ

101 2883 156 2920 26
188 2878 270 2922 sed
304 2879 348 2937 6]
389 2892 488 2923 esse
526 2881 653 2924 codd.
687 2880 774 2923 etsi
814 2897 841 2922 κ
881 2881 1106 2936 (invenias
1147 2881 1289 2924 etiam
1328 2880 1449 2923 hanc
1479 2894 1668 2922 uxorem
1701 2879 1781 2921 alii

98 2951 165 2992 pr.
199 2940 252 2993 A)
310 2939 317 2996 Ι
373 2938 421 2981 in
455 2938 538 2982 alii
567 2943 606 2981 N
649 2938 760 2982 mali
790 2945 825 2980 D

1431 3012 1515 3055 16*
