2078 3174
788 114 852 159 V1
884 119 955 171 24,
980 118 1132 171 7—25,
1158 127 1191 160 ε.
1724 114 1826 168 127

135 238 285 288 tutus
340 235 559 289 salutari
613 235 910 290 radiatione
963 236 1278 306 respexerit,
1338 236 1528 289 horum
1588 236 1826 290 omnium

135 309 549 363 infortuniorum
589 309 899 364 discrimina
937 310 1268 381 mitigantur.

895 443 1065 497 XXV.

200 517 210 526 ⁵
248 532 653 600 [Coniunctio
696 532 864 587 Solis
905 537 965 587 et
1003 533 1310 603 Veneris]
1353 532 1410 586 Si
1445 532 1537 587 Sol
1569 537 1622 586 et
1645 533 1876 587 Venus]

90 629 109 662 5
133 609 332 676 pariter
376 608 623 661 collocati
678 608 735 661 in
783 608 967 662 eodem
1020 609 1174 678 signo
1228 609 1507 661 constituti
1562 608 1829 678 aequabili

134 682 403 735 societatis
443 685 710 751 potestate
749 683 1055 753 iungantur,
1094 682 1294 735 facient
1333 682 1546 751 quidem
1585 683 1829 737 homines

132 756 412 826 glorioSOS,
451 759 504 808 et
544 757 636 825 qui
676 757 971 809 desiderata
1011 757 1191 809 omnia
1228 757 1501 811 facillimis
1531 757 1828 811 rationibus

134 834 543 899 consequantur,
568 831 657 883 sed
691 831 736 883 si
767 833 824 884 in
856 831 1061 883 diurnis
1086 831 1347 902 genituris
1379 832 1644 884 matutina
1666 832 1830 885 fuerit

132 904 332 968 VenuS,
357 908 410 957 et
432 905 488 957 in
513 906 792 958 nocturnis
816 905 1134 975 vespertina.
1177 904 1281 958 Sed
1306 925 1457 955 *μμ
1489 905 1589 959 hos
1614 906 1827 959 eosdem

66 1001 109 1033 10
132 979 340 1031 miseris
379 980 845 1032 matrimoniorum
884 979 1318 1049 copulationibus
1357 980 1556 1050 iungit,
1599 984 1694 1034 aut
1732 981 1829 1032 dif-

131 1054 271 1106 ficile
312 1053 548 1106 decernit
584 1071 822 1123 uxorem,
862 1058 954 1107 aut
993 1055 1213 1108 ancillas
1253 1054 1320 1106 ad
1359 1055 1688 1107 consortium
1723 1055 1828 1108 tori

132 1127 357 1198 genialis
404 1129 648 1197 associat,
704 1132 795 1181 aut
848 1147 1078 1181 uxorum
1128 1129 1459 1182 decretarum
1510 1130 1702 1182 faciem
1751 1130 1828 1181 in-

131 1202 358 1255 honesta
402 1201 658 1255 foeditate
706 1203 966 1271 deturpat.
1043 1201 1185 1257 Aliis
1225 1221 1499 1273 pauperes,
1550 1204 1670 1256 aliis
1710 1222 1830 1272 pro-

132 1280 313 1328 vectae
353 1277 543 1329 aetatis
585 1277 820 1329 decernit
858 1296 1068 1347 uxoreS,
1108 1281 1201 1330 aut
1232 1277 1366 1330 tales
1400 1278 1492 1347 qui
1525 1279 1601 1331 sic
1631 1277 1828 1331 habue-

66 1371 107 1404 ιε
131 1352 242 1403 rint
274 1350 539 1403 Venerem
571 1355 623 1403 et
657 1351 836 1405 Solem
870 1352 1169 1405 sortiuntur
1207 1371 1401 1405 uxores
1410 1395 1424 1421 ,
1466 1370 1601 1421 quae
1635 1352 1827 1406 misera

131 1425 445 1479 infelicitate
489 1425 759 1479 demersae
797 1427 945 1496 turpi
984 1427 1094 1479 sint
1134 1428 1535 1481 conversatione
1573 1429 1827 1497 pollutae.

244 1498 651 1569 [Coniunctio
693 1499 861 1554 Solis
902 1504 961 1554 et
1001 1501 1337 1568 Mercurii]
1385 1500 1442 1553 Si
1476 1500 1571 1554 Sol
1601 1504 1654 1554 et
1685 1501 1879 1554 Mer-2

132 1575 309 1626 curius
356 1574 412 1626 in
459 1574 645 1627 eodem
693 1576 846 1645 signo
893 1575 1096 1644 pariter
1141 1575 1341 1628 fuerint
1379 1575 1678 1645 constituti,
1725 1577 1829 1629 ista

133 1648 439 1702 coniunctio
468 1650 589 1701 aliis
616 1649 978 1718 potestatibus
1003 1651 1300 1703 subiacenti
1327 1673 1348 1698 *
1371 1671 1397 1699 ,ιι
1417 1671 1442 1699 *
1470 1650 1827 1703 decernuntur

65 1744 108 1776 20
132 1722 321 1775 officia.
363 1745 389 1771 »ι
417 1744 442 1772 *
469 1743 494 1772 *
571 1723 862 1794 Nunquam
913 1725 1201 1793 publicatis
1252 1724 1458 1778 actibus
1510 1725 1823 1778 enitescunt.

130 1795 391 1850 Homines
427 1816 552 1851 sane
585 1799 790 1852 faciunt
821 1799 1067 1852 cordatos
1101 1799 1182 1853 sui
1215 1799 1441 1870 consilii,
1481 1800 1826 1853 consiliorum

250 1933 277 1970 4
302 1933 403 1983 176,
421 1933 478 1973 13
503 1931 672 1974 Συνὼν
698 1929 748 1975 δὲ
772 1936 827 1986 τῆ
845 1929 1086 1990 Ἀφροδίτῃ
1112 1929 1299 1991 ἑσπερίᾳ
1324 1932 1576 1989 ἀνατολικῇ
1602 1933 1653 1976 ἐν
1677 1929 1824 1986 νυκτί,

131 1989 182 2032 ἐν
208 1986 259 2032 δὲ
285 1987 431 2048 ἡμέρᾳ
456 1988 545 2050 ἑῴᾳ
571 1988 838 2048 mammas),
871 1990 1089 2042 ἐνδόξους
1113 1992 1193 2034 καὶ
1218 1990 1522 2046 ἐμπράκτους.
1556 1991 1597 2035 εἰ
1620 1990 1672 2035 δὲ
1698 1990 1826 2034 ἑσπε-

132 2045 211 2101 pia
243 2047 326 2103 μέν
350 2049 488 2102 ἐστιν,
521 2050 571 2094 ἐν
595 2048 743 2111 ἡμέρᾳ
768 2049 834 2105 δέ,
867 2051 947 2094 καὶ
973 2048 1062 2109 ἑῴα
1086 2049 1183 2106 μέν,
1216 2050 1382 2101 νυκτὸς
1405 2049 1474 2105 δέ,
1505 2049 1683 2107 μέσους.
1733 2050 1825 2095 ἔστι

132 2107 184 2150 δὲ
215 2107 296 2151 καὶ
328 2107 623 2165 ὃωρηματικὴ
656 2107 685 2164 ἡ
718 2108 893 2153 τούτων
926 2107 1251 2165 συμπαρουσία
1281 2110 1361 2153 καὶ
1389 2110 1440 2154 ἐν
1464 2117 1566 2161 ταῖς
1590 2110 1826 2167 ἐπιβολαῖς

133 2164 452 2218 εὐεπίτευκτος
490 2168 568 2211 καὶ
608 2167 802 2225 μάλιστα
834 2169 884 2213 ἐν
914 2167 1217 2224 προστασίαις
1249 2168 1417 2226 ὄχλων,
1466 2171 1528 2225 (9)
1564 2169 1630 2220 εἰς
1661 2169 1712 2212 δὲ
1743 2166 1826 2213 τὸν

130 2226 238 2286 Ιπερὶ
270 2234 506 2282 γυναικῶν
538 2227 619 2270 καὶ
649 2226 823 2272 τέκνων
855 2225 993 2286 λόγον
1018 2229 1103 2272 οὐκ
1130 2228 1319 2283 ἄλυπος,
1352 2229 1432 2272 καὶ
1457 2228 1653 2285 μάλιστα
1677 2228 1825 2271 ὑποιύ-

132 2301 217 2341 γου
242 2285 381 2342 οὔσης
404 2293 485 2343 τῆς
510 2286 729 2343 Σελήνης.
818 2292 871 2330 17
891 2314 946 2320 -
967 2292 1065 2343 128,
1085 2292 1109 2331 6
1135 2290 1287 2332 omisit
1309 2289 1582 2345 Anonymus
1601 2287 1824 2345 Cataloyi.

251 2394 277 2431 5
309 2395 392 2433 aut
422 2403 519 2446 par.
547 2390 649 2435 coll.
683 2397 766 2435 aut
795 2391 844 2435 in
871 2418 925 2424 —
952 2393 1095 2435 const.
1123 2392 1360 2436 delendum
1483 2396 1506 2435 7
1539 2390 1762 2435 facilimis
1786 2395 1825 2433 Ν

132 2452 157 2490 9
190 2449 405 2493 eaeeiclisse
436 2451 649 2494 videntur
678 2452 785 2495 haec
814 2451 907 2506 fere
940 2450 1031 2494 Sed
1062 2451 1138 2510 <si
1170 2451 1220 2494 in
1252 2451 1431 2495 diurnis
1463 2450 1692 2508 genituris
1725 2463 1824 2493 ves-

131 2507 318 2562 pertina
356 2509 498 2553 fuerit
538 2512 584 2553 et
623 2509 672 2552 in
711 2510 950 2554 nocturnis
988 2510 1258 2570 matutina>
1290 2516 1332 2555 et
1362 2516 1503 2555 cetera
1540 2525 1654 2566 quae
1688 2511 1824 2555 Cata-

132 2568 259 2624 loyus
282 2569 470 2624 praebet
500 2569 552 2611 in
583 2573 622 2611 N
653 2569 922 2624 desiderata,
954 2572 1050 2614 nisi
1078 2571 1194 2624 forte
1225 2572 1319 2626 ipsi
1349 2571 1554 2614 Firmico
1585 2583 1710 2614 error
1741 2571 1822 2613 im-

125 2628 366 2682 putandus
398 2642 424 2670 σ
575 2631 630 2671 10
662 2628 902 2672 difficilem
933 2634 972 2671 N
1008 2643 1122 2674 corr.
1154 2646 1181 2673 κ
1337 2635 1387 2673 11
1422 2629 1513 2672 tori
1545 2628 1743 2686 genialis
1775 2629 1822 2686 κ]

132 2685 374 2743 originalis
405 2691 444 2728 N
569 2692 620 2730 12
654 2687 951 2732 inhonestate
982 2693 1021 2731 N
1051 2703 1165 2734 corr.
1194 2706 1220 2732 κ
1345 2693 1398 2731 16
1433 2688 1670 2731 demersae
1703 2687 1822 2747 (et)

131 2761 159 2787 κ
193 2747 199 2801 Ι
237 2745 365 2802 turpi
398 2746 492 2789 sint
523 2747 571 2804 κ]
603 2747 754 2803 turpis
786 2747 835 2791 in
866 2752 905 2790 N
1028 2753 1082 2792 18
1113 2748 1292 2805 pariter
1320 2753 1421 2803 post
1453 2747 1696 2790 constituti
1723 2761 1821 2803 pos.

130 2807 191 2845 N*
246 2806 252 2860 Ι
310 2805 524 2864 (faciet)
556 2805 650 2848 ista
685 2841 692 2848 .
730 2842 737 2849 .
774 2843 781 2850 .
817 2806 1110 2851 subiacentes
1155 2811 1179 2859 ζ
1330 2812 1381 2850 19
1424 2808 1506 2850 lac.
1546 2813 1650 2851 stat.
1683 2809 1707 2858 ζ

132 2866 188 2905 20
220 2865 304 2908 lac.
331 2870 431 2908 stat.
460 2882 487 2907 κ
537 2867 543 2920 1
593 2879 844 2921 numquam
872 2866 1101 2926 (tamen)
1127 2880 1151 2909 σ
1199 2869 1206 2922 Ι
1256 2866 1458 2922 publicis
1491 2868 1515 2918 ζ
1644 2870 1696 2908 21
1734 2867 1824 2923 leye

133 2922 296 2965 consili
329 2924 418 2980 (sui
452 2923 634 2967 consilii
666 2925 750 2968 del.
777 2928 817 2981 σ)
