2084 3192
240 136 349 188 294
891 174 893 176 .
973 135 1202 180 FIRMICI

233 266 369 327 rum,
410 260 471 309 ut
511 256 646 308 scias
689 257 831 325 quod
870 256 938 308 ad
977 257 1157 309 omnia
1196 260 1400 309 secreta
1432 257 1728 310 divinitatis
1758 257 1928 309 inten-

151 331 218 383 16
237 331 313 384 tio
355 331 564 383 divinae
604 330 798 382 mentis
837 331 1071 383 accessit.
1134 330 1283 383 Haec
1315 332 1456 384 enim
1488 330 1788 384 inmortalis
1819 331 1930 383 ani-

237 423 356 457 mus
403 404 700 457 maiestatis
748 423 872 458 suae
918 404 1184 473 principia
1229 405 1534 458 recordatus
1581 423 1687 457 non
1741 404 1929 458 didicit

235 479 327 531 sed
358 478 592 549 agnovit.
648 477 803 540 Quod
833 478 1050 548 <itaque
1082 479 1139 530 in
1170 497 1277 531 uno
1311 480 1465 549 signo
1500 479 1701 532 dictum
1731 479 1928 546 fuerit>

231 553 336 605 hoc
373 571 469 621 per
509 553 663 622 signa
700 551 816 604 XII.
859 553 1191 621 conputabis
1247 551 1401 615 Quod
1440 571 1560 606 cum
1599 553 1787 605 feceris
1819 571 1925 606 om·
1973 575 1992 606 ⁵

231 627 317 679 nis
373 626 475 679 tibi
524 626 726 678 zodiaci
781 626 966 679 circuli
1020 645 1269 679 mensura
1317 627 1720 680 monstrabitur.
1797 626 1927 680 Pars

200 719 339 753 .una
390 700 550 752 unius
607 700 748 770 signi
797 699 927 752 XXI
974 701 1124 753 milia
1168 705 1220 753 et
1266 701 1360 753 XL
1409 701 1703 754 stadiorum
1751 700 1926 754 habet.

235 774 405 837 Quem
452 776 747 843 conputum
794 774 840 826 si
885 794 980 844 per
1026 774 1179 827 XXX
1226 778 1406 844 partes
1454 796 1480 824 *
1501 795 1595 844 **,
1649 773 1927 827 DCXXXI

231 849 380 901 milia
418 852 471 901 et
505 848 588 901 CC
628 849 824 901 habere
865 848 1038 901 stadia
1078 851 1239 902 unius
1279 850 1421 919 signi
1460 851 1695 918 spatium
1729 867 1792 901 ex
1823 850 1927 901 ista

230 922 610 991 conputatione
650 940 956 993 cognosces,
1948 945 1992 976 ιο

1058 1100 1120 1152 V.

185 1205 210 1255 1
344 1203 848 1273 [Apotelesmata
899 1202 1215 1272 Sphaerae
1267 1204 1690 1273 Barbaricae.]
1770 1203 1926 1256 Acci-

231 1279 346 1347 pies
383 1296 526 1331 nunc
563 1277 795 1330 Mavorti
842 1277 1003 1330 decus
1049 1281 1312 1342 nostrum,
1357 1278 1722 1347 plenissimam
1763 1279 1924 1331 huius

231 1353 360 1404 artis
399 1352 751 1422 disciplinam,
789 1353 974 1404 multis
1016 1350 1231 1404 Graecis
1272 1356 1325 1404 et
1381 1353 1627 1404 omnibus
1668 1352 1926 1405 Romanis

232 1427 575 1497 incognitam,
615 1426 681 1478 ad
716 1444 874 1494 quam
905 1444 1074 1494 usque
1114 1427 1169 1478 in
1199 1426 1518 1479 hodiernum
1551 1427 1689 1479 diem
1721 1428 1921 1479 nullius
1952 1449 1990 1481 15

233 1501 524 1570 adspiravit
578 1500 866 1571 ingenium.
943 1499 1132 1568 Neque
1187 1502 1329 1552 enim
1378 1500 1543 1553 divini
1594 1502 1674 1553 illi
1722 1501 1823 1554 viri
1871 1504 1924 1553 et

232 1575 595 1628 sanctissimae
647 1575 923 1644 religionis
978 1574 1261 1642 antistites,
1316 1574 1634 1627 Petosiris
1690 1578 1742 1626 et
1801 1573 1923 1627 Ne-

232 1650 486 1718 chepso,
519 1666 746 1716 quorum
777 1649 910 1700 alter
941 1649 1116 1700 tenuit
1155 1648 1367 1716 imperii
1397 1649 1776 1719 gubernacula,
1801 1666 1920 1701 cum

231 1726 411 1776 omnia
449 1740 584 1791 quae
624 1723 690 1774 ad
728 1722 887 1775 huius
927 1722 1058 1774 artis
1096 1723 1368 1791 pertinent
1407 1722 1757 1792 disciplinam,
1806 1723 1920 1774 dili-

231 1797 561 1868 gentissimis
594 1813 654 1848 ac
687 1797 823 1849 veris
855 1796 1384 1865 interpretationibus
1413 1796 1782 1866 explicassent,
1813 1797 1917 1850 hoc
1944 1819 1986 1850 20

233 1871 375 1939 quod
412 1889 510 1923 nos
550 1870 744 1922 edituri
783 1888 986 1937 sumUS,
1033 1870 1271 1923 invenire
1317 1873 1623 1940 potuerunt,
1700 1870 1783 1923 Ne
1823 1871 1917 1922 ita-

232 1963 334 2013 que
380 1945 814 2014 or[din]ationem
862 1947 1102 1996 nostram
1149 1963 1322 1997 sermo
1368 1944 1610 2014 prolixus
1655 1944 1917 2012 extendat,

231 2020 464 2071 breviter
502 2018 601 2070 tibi
639 2019 886 2087 promissi
930 2018 1107 2086 operis
1145 2019 1407 2072 intimabo
1448 2023 1663 2071 secreta.

179 2096 212 2147 2
341 2093 630 2146 Zodiacum
669 2092 926 2145 circulum
967 2092 1125 2144 sicuti
1165 2093 1221 2144 in
1259 2093 1396 2146 libro
1444 2093 1802 2145 institutionis
1842 2092 1916 2143 di-

233 2168 408 2219 ximus
448 2166 552 2219 XII
589 2167 864 2235 possident
903 2167 1068 2236 signa.
1145 2165 1207 2218 In
1247 2168 1438 2219 horum
1479 2168 1756 2238 signorum
1794 2165 1922 2218 late·
1949 2189 1990 2221 25

352 2347 376 2384 2
409 2342 524 2385 haec
555 2343 595 2399 ζ]
629 2341 774 2386 etiam
805 2347 925 2399 (eam
955 2345 1001 2398 κ)
1136 2347 1162 2385 4
1195 2342 1299 2386 add.
1332 2347 1371 2384 N
1504 2347 1529 2384 5
1563 2342 1689 2397 quod
1722 2356 1826 2385 cum
1856 2341 1922 2384 fe-

232 2402 348 2445 ceris
386 2402 453 2460 Γ]
502 2414 556 2444 ex
589 2415 680 2456 quo
712 2403 752 2444 Δ
930 2405 952 2443 7
1001 2401 1079 2443 XL
1111 2402 1238 2459 Boll]
1286 2400 1427 2445 CCCC
1458 2403 1526 2445 vel
1556 2405 1643 2444 400
1677 2401 1802 2445 codd.

235 2466 260 2504 8
295 2461 617 2516 computatum
650 2464 687 2501 A
752 2464 756 2516 Ι
822 2461 989 2504 excidit
1019 2461 1112 2514 fere
1142 2460 1392 2516 perfeceris
1461 2462 1466 2517 Ι
1533 2459 1760 2503 DCXXXI
1790 2459 1922 2502 milia

234 2520 361 2577 Bou]
394 2520 452 2563 de
475 2533 583 2561 xxm
609 2518 751 2561 simili
776 2523 813 2560 A
854 2519 922 2562 010
942 2555 949 2562 .
968 2534 1076 2562 xxxi
1101 2519 1243 2562 simili
1269 2523 1304 2561 G
1342 2519 1435 2563 VI0.
1470 2521 1578 2563 sunt
1608 2517 1922 2574 multiplicata

235 2580 369 2633 (-tam
401 2580 456 2635 N)
487 2591 570 2634 per
596 2582 648 2621 31
671 2614 678 2621 .
699 2582 754 2620 30
781 2582 865 2620 642
879 2582 965 2621 000
998 2591 1116 2634 quae
1149 2578 1490 2634 multiplicatae
1517 2591 1600 2634 per
1625 2582 1710 2621 360
1742 2577 1922 2621 faciunt

232 2650 382 2693 paene
413 2651 656 2680 numerum
686 2636 921 2679 infinitum
953 2639 992 2680 Δ
1149 2642 1172 2680 9
1219 2638 1275 2691 cf.
1310 2639 1418 2681 Boll
1449 2637 1652 2692 Sphaera
1677 2651 1725 2692 p.
1750 2639 1840 2680 395
1849 2636 1864 2660 ²
1913 2637 1915 2693 l

237 2696 360 2753 signi
391 2697 438 2753 a]
471 2695 632 2740 circuli
756 2701 808 2739 12
842 2695 909 2739 De
941 2696 1354 2752 apotelesmatibus
1381 2696 1424 2739 S.
1449 2696 1499 2739 B.
1525 2700 1564 2737 N
1594 2697 1755 2740 lemma
1777 2709 1859 2739 om.
1886 2700 1921 2736 D

298 2760 352 2799 14
386 2755 499 2799 artis
532 2755 637 2813 AG]
671 2755 823 2810 operis
855 2754 906 2796 A‘
1062 2760 1114 2799 18
1147 2770 1344 2812 quorum
1376 2755 1531 2814 <alter
1561 2753 1815 2811 *****>‚
1857 2754 1923 2796 al-

235 2817 305 2857 ter
336 2849 343 2855 .
372 2850 379 2857 .
409 2849 416 2856 .
452 2828 491 2868 σ,
518 2820 623 2870 post
651 2813 968 2876 gubernacula
999 2815 1107 2858 add.
1141 2831 1167 2858 κ
1307 2819 1358 2858 19
1391 2813 1528 2856 huius
1562 2811 1674 2856 artis
1703 2813 1768 2870 Γ]
1802 2813 1922 2855 hanc

236 2875 275 2915 Δ
399 2877 453 2916 20
488 2872 767 2929 explicasset
799 2887 909 2917 corr.
942 2888 971 2915 v
1093 2877 1146 2916 22
1181 2874 1262 2917 del.
1296 2890 1323 2916 κ
1445 2876 1499 2915 23
1533 2872 1719 2916 decreta
1751 2886 1861 2916 corr.
1896 2886 1921 2914 6

297 2935 350 2973 25
382 2931 429 2973 in
463 2933 544 2976 del.
578 2934 602 2984 ζ
