2066 3192
792 132 855 177 Vl
890 137 959 188 13,
984 137 1136 188 1-14‚
1161 145 1195 177 a.
1755 130 1827 182 99

139 254 299 324 plena
336 255 496 307 etiam
534 253 773 307 laetitiae
813 253 1093 307 commoda
1132 255 1184 305 et
1221 250 1522 321 praeclarae
1554 251 1686 304 artis
1723 251 1801 304 in·
1818 264 2013 307 saturn

141 328 316 400 signia
368 331 421 380 et
476 328 731 381 honestae
785 326 1203 380 conversationis
1257 326 1496 379 ordinem
1555 329 1608 378 et
1661 325 1830 379 dulcis

140 403 399 456 sermonis
438 402 668 473 gratiam
702 420 824 456 cum
854 402 1088 455 maxima
1118 401 1374 454 felicitate
1407 400 1655 454 decernit.
1727 399 1829 452 Sed

138 476 489 530 nihilominus
537 477 641 545 ipsi
687 476 889 529 alienos
936 475 1252 528 concubitus
1298 474 1580 544 inpatienti
1632 474 1831 543 cupidi-

95 573 115 605 5
139 554 250 604 tate
289 550 605 603 desiderant.
682 549 946 603 Matribus
986 549 1148 602 etiam
1189 567 1372 602 eorum
1410 549 1690 602 honestam
1729 549 1831 601 lar-

138 625 286 696 gitur
323 625 550 695 gloriam
590 624 864 677 castitatis
935 622 1039 677 Sed
1076 624 1135 676 hi
1174 641 1238 676 ex
1274 623 1461 677 alienis
1499 624 1830 676 manumissi-

140 700 332 752 onibus
373 700 666 770 morigeras
707 699 810 751 sibi
850 698 1150 752 sortiuntur
1186 715 1394 751 uxoreS.

912 875 1055 930 XIV.

252 981 448 1052 [Luna
480 984 540 1033 et
569 981 923 1034 Mercurius
964 979 1299 1049 quadrati]
1341 978 1398 1032 Si
1428 979 1582 1032 Luna
1612 984 1666 1032 et
1697 979 1832 1032 Mer·
1855 984 1881 1034 1

73 1079 115 1112 ιο
139 1058 319 1111 curius
358 1055 618 1124 quadrata
654 1055 855 1109 fuerint
894 1055 1190 1108 radiatione
1230 1054 1523 1124 coniuncti,
1570 1058 1624 1107 et
1662 1054 1834 1107 dextri

141 1131 386 1200 quadrati
445 1130 742 1183 Mercurius
796 1130 1124 1198 superiorem
1177 1128 1454 1198 possidens
1516 1132 1723 1198 partem
1777 1130 1833 1181 in

139 1205 358 1258 sinistro
420 1205 680 1274 quadrato
734 1203 942 1256 Lunam
1002 1203 1237 1272 positam
1290 1204 1486 1256 minaci
1539 1203 1834 1256 radiatione

139 1280 448 1349 respexerit,
494 1297 559 1331 ex
605 1279 711 1331 ista
757 1278 1132 1331 coniunctione
1179 1278 1470 1347 sapientiae
1519 1281 1738 1331 ornatus
1782 1282 1835 1330 et

139 1354 296 1407 docta
346 1353 604 1406 orationis
654 1352 904 1405 facundia
951 1351 1177 1405 honesto
1230 1370 1473 1405 sermone
1520 1352 1834 1405 decernitur.

73 1451 116 1484 ιε
143 1427 247 1481 Sed
286 1428 370 1481 his
411 1446 475 1480 ex
514 1427 760 1497 populari
801 1426 1062 1480 seditione
1095 1427 1376 1480 discrimen
1409 1427 1719 1495 frequenter
1750 1427 1835 1479 ad-

139 1503 323 1556 fertur.
409 1501 514 1555 Sed
568 1502 613 1554 si
667 1502 743 1555 sic
796 1500 1120 1554 Mercurium
1174 1501 1527 1554 constitutum
1582 1500 1834 1554 malivola
1852 1502 1885 1554 2

140 1579 295 1630 stella
350 1577 591 1645 superior
644 1576 831 1629 effecta
886 1576 1142 1644 quadrata
1188 1575 1483 1628 radiatione
1529 1577 1834 1644 respexerit,

139 1656 200 1704 ut
237 1651 443 1704 Lunam
494 1651 709 1720 quidem
764 1651 828 1703 de
882 1650 1158 1719 diametrO,
1210 1649 1537 1703 Mercurium
1590 1669 1715 1703 vero
1771 1650 1834 1703 de

141 1726 400 1794 quadrato
451 1724 717 1794 respiciat,
766 1724 1110 1777 metuendum
1160 1724 1283 1776 falsi
1335 1725 1533 1777 crimen
1583 1724 1834 1796 inpingit,

72 1823 116 1855 20
140 1803 194 1853 et
240 1801 370 1853 facit
416 1801 473 1851 in
511 1799 615 1852 isto
654 1799 892 1853 facinore
932 1799 1167 1853 detectos
1207 1802 1300 1851 aut
1337 1799 1395 1851 in
1434 1799 1676 1852 custodia
1714 1817 1836 1852 con-

142 1874 318 1944 stitui,
362 1877 456 1926 aut
504 1875 561 1926 in
608 1891 871 1927 carcerem
918 1873 1086 1943 trudi,
1132 1876 1224 1927 aut
1270 1874 1483 1926 vincula
1522 1877 1576 1926 et
1615 1874 1835 1927 exilium

139 1948 386 2018 publicae
425 1948 719 2001 sententiae
759 1947 1217 2001 animadversione
1255 1948 1541 2018 patientur.
1612 1947 1669 2000 Si
1708 1966 1833 2002 vero
1852 1950 1885 2001 3

139 2023 292 2075 Luna
330 2023 574 2092 superior
611 2022 796 2075 effecta
835 2025 889 2075 et
927 2021 1172 2075 dextrum
1204 2022 1483 2091 possidens
1522 2022 1663 2075 latus
1699 2022 1834 2076 Mer-

140 2098 347 2151 curium
394 2098 452 2149 in
497 2097 736 2149 inferiori
781 2098 902 2149 loco
950 2097 1306 2148 constitutum
1357 2097 1616 2165 quadrata
1665 2098 1833 2149 radia-

260 2260 320 2315 (3)
352 2256 472 2314 πλὴν
505 2257 785 2301 ἀστατοῦσιν
819 2257 868 2302 ἐν
892 2264 994 2308 ταῖς
1018 2255 1271 2315 συζυγίαις·
1306 2256 1354 2301 αἱ
1379 2256 1429 2302 δὲ
1455 2256 1643 2314 μητέρες
1665 2262 1728 2318 τῷ
1752 2257 1835 2315 μὲν

141 2317 253 2373 ἤθει
286 2314 470 2373 σεμναί,
510 2314 700 2374 δίγαμοι
732 2315 796 2362 δέ.
922 2320 975 2359 13
1008 2320 1113 2371 179,
1141 2320 1200 2361 18
1240 2316 1305 2368 εἰς
1336 2317 1419 2373 μὲν
1450 2315 1615 2375 λόγους
1645 2319 1725 2362 καὶ
1758 2318 1834 2362 σύ-

141 2390 269 2421 νεσιν
310 2375 516 2431 ἄριστος,
563 2375 698 2433 χάριν
739 2375 790 2421 δὲ
829 2374 964 2434 ὄχλου
1004 2376 1083 2420 καὶ
1122 2375 1335 2431 πλήθους
1375 2379 1521 2421 λυπεῖ.
1586 2378 1627 2421 εἰ
1666 2378 1715 2422 δὲ
1756 2378 1834 2421 καὶ

140 2436 395 2486 κακοποιὸς
434 2435 499 2479 ἔτι
537 2435 620 2479 τὸν
646 2433 821 2492 ”Ερμῆν
860 2438 1222 2491 καθυπερτερεῖ,
1264 2435 1344 2479 διά
1377 2453 1482 2481 τινα
1514 2436 1697 2494 γραπτὰ
1731 2450 1835 2481 συν-

141 2503 262 2553 οχῶν
294 2495 372 2538 καὶ
405 2497 585 2550 δεσμῶν
618 2494 968 2550 πειραθήσεται.

261 2649 284 2687 1
310 2643 510 2702 insignis
535 2645 581 2687 Γ
666 2648 691 2687 2
716 2642 941 2687 honestae
966 2644 1073 2702 ΔΑ]
1099 2643 1343 2688 honestate
1372 2646 1378 2699 1
1407 2644 1533 2689 dulci
1559 2647 1597 2687 Δ
1691 2650 1718 2688 4
1743 2644 1833 2700 ipsi

141 2718 225 2748 om.
255 2705 301 2746 Γ
417 2709 442 2746 5
475 2716 634 2747 eorum
667 2703 810 2746 etiam
842 2706 923 2744 BG
942 2704 1046 2748 Pat.
1170 2708 1194 2747 6
1227 2703 1299 2746 his
1333 2718 1444 2749 corr.
1471 2720 1498 2746 a
1537 2707 1542 2759 1
1581 2703 1834 2746 manumis-

144 2762 288 2806 sionis
320 2766 399 2804 AB
432 2762 572 2818 (idest
602 2762 809 2818 repudiis
841 2761 917 2815 1³²)
1065 2766 1118 2805 13
1152 2763 1412 2818 sapientiae
1445 2764 1550 2821 AG]
1599 2763 1836 2818 sapienter

143 2825 222 2864 ΔΒ
256 2823 359 2866 Pat.
403 2825 409 2878 Ι
453 2823 641 2865 ornatus
666 2821 744 2879 11²]
778 2823 965 2864 ornatos
1088 2827 1142 2865 14
1175 2823 1303 2880 <non
1329 2822 1464 2881 sine>
1497 2822 1691 2866 honesto
1722 2837 1746 2864 6

146 2886 199 2923 16
232 2881 299 2925 sic
323 2895 407 2925 om.
434 2883 472 2924 Δ
610 2885 662 2924 18
696 2880 753 2924 de
772 2883 910 2937 prius
933 2895 1015 2924 om.
1042 2883 1081 2924 Δ
1199 2887 1252 2924 19
1286 2882 1489 2938 impugit
1514 2884 1553 2924 A
1676 2886 1732 2924 20
1764 2881 1831 2938 in]

143 2954 199 2984 ex
229 2945 268 2982 N
303 2943 310 2997 ι
349 2940 611 2983 custodiam
642 2954 753 2984 corr.
781 2955 808 2982 a
928 2944 981 2982 21
1017 2954 1200 2984 carcere
1233 2941 1357 2984 tradi
1383 2944 1421 2984 A
1458 2943 1464 2997 Ι
1500 2941 1549 2983 in
1581 2940 1766 2984 vincula
1796 2943 1840 2983 Γ

1512 3014 1567 3056 7*
