2066 3192
34 960 78 993 10

749 148 813 194 VI
844 153 915 204 23,
938 154 1092 206 4—-24,
1119 162 1150 194 1.
1690 150 1795 202 123

105 271 246 323 diam
301 271 444 325 docti
497 287 559 323 ac
611 269 835 341 gloriosi
889 271 1147 323 sermonis
1187 274 1446 324 exercent.
1527 269 1681 324 Alios
1720 270 1796 323 in-

105 346 248 416 genii
295 344 467 416 gratia
512 347 566 397 et
610 345 830 398 licentia
869 344 1012 397 docti
1059 345 1317 398 sermonis
1366 348 1583 398 ornatos
1628 345 1798 416 regia-

102 438 222 472 rum
276 420 577 473 litterarum
626 419 730 471 ista
780 419 1085 471 coniunctio
1139 436 1259 471 cum
1309 420 1542 472 maximo
1593 418 1796 472 honore

103 494 262 547 faciet
301 492 479 546 officia
517 496 758 546 tractare.

214 567 623 638 [Coniunctio
678 565 851 620 Iovis
907 569 968 620 et
1020 566 1270 636 Lunae]
1333 566 1390 620 Si
1444 566 1689 638 Iuppiter
1743 567 1845 621 et7

101 642 255 695 Luna
299 643 356 695 in
402 642 582 696 eodem
632 642 786 712 signo
827 642 1027 710 pariter
1074 641 1354 694 constituti
1401 641 1668 711 aequabili
1716 660 1796 695 so-

102 716 310 770 cietatis
357 719 623 786 potestate
669 715 974 786 iungantur,
1026 715 1167 769 vitae
1206 716 1623 785 patrimoniique
1664 739 1687 763 2«
1710 739 1733 765 *
1758 738 1798 785 *,

102 794 155 843 et
185 791 448 844 maximae
480 789 752 843 felicitatis
785 790 1111 843 incrementa
1143 789 1451 859 decernunt,
1482 792 1797 860 praesertim

102 866 147 918 si
187 883 242 917 se
281 865 545 934 partiliter
581 863 696 917 Iovi
735 865 792 916 in
830 868 1014 917 eodem
1061 866 1215 936 signo
1255 864 1408 918 Luna
1447 864 1797 918 coniunxerit.

101 939 252 992 Tunc
306 939 448 992 enim
503 939 746 991 infinitus
800 939 1107 992 divitiarum
1163 939 1407 992 cumulus
1463 940 1692 1008 accedit,
1746 943 1799 992 et

11 1071 14 1078 ,
101 1013 231 1066 talia
271 1015 319 1066 ei
357 1013 630 1067 felicitatis
666 1013 899 1084 insignia
931 1013 1236 1081 decernunt,
1276 1016 1337 1066 ut
1368 1013 1495 1082 (in)
1525 1014 1797 1066 infinitum

102 1108 132 1140 a
169 1089 483 1158 parentibus
523 1087 633 1140 suis
674 1089 821 1140 omni
852 1106 1046 1159 genere
1078 1087 1268 1141 melior
1300 1089 1509 1141 existat.
1582 1087 1639 1141 Si
1670 1106 1797 1141 vero

100 1163 265 1215 fuerit
317 1165 578 1215 nocturna
632 1162 901 1232 genitura,
955 1165 1008 1215 et
1061 1161 1215 1214 Luna
1267 1162 1446 1231 plures
1500 1163 1798 1231 possederit

100 1241 293 1306 parteS‚
331 1235 574 1306 Iuppiter
612 1255 738 1289 vero
769 1237 898 1306 <in>
928 1237 1125 1290 minori
1156 1236 1390 1305 partium
1422 1255 1644 1290 numero
1678 1237 1798 1290 sub-

103 1311 256 1380 sidat,
307 1329 518 1364 omnem
565 1312 811 1364 fortunae
859 1311 1215 1364 substantiam
1263 1329 1385 1364 cum
1434 1311 1668 1364 maxima
1715 1311 1797 1363 de·

102 1386 329 1439 iectione
370 1385 614 1439 debilitat
653 1404 861 1455 semper
900 1389 951 1438 et
991 1386 1199 1438 minuit.

854 1518 1048 1575 XXIV.

213 1608 622 1679 [Coniunctio
670 1609 893 1662 Martis
941 1611 1001 1662 et
1051 1607 1259 1679 Solis]
1331 1609 1390 1662 Si
1429 1610 1573 1662 Mars
1613 1613 1666 1663 et
1707 1609 1847 1662 Soll

103 1684 156 1735 in
197 1684 381 1736 eodem
431 1684 584 1754 signo
632 1684 832 1753 pariter
879 1684 1160 1737 constituti
1208 1684 1478 1752 aequabili
1528 1684 1799 1737 societatis

103 1760 371 1827 potestate
419 1759 731 1828 iungantur,
779 1775 843 1810 ex
883 1759 987 1811 ista
1026 1758 1279 1811 societate
1319 1758 1460 1828 patri
1501 1761 1594 1811 aut
1632 1759 1798 1811 citum

103 1835 196 1885 aut
251 1835 391 1885 certe
446 1832 646 1884 malum
700 1835 1021 1901 praeparant
1078 1833 1294 1885 exitum.
1386 1833 1589 1895 Quodsi
1641 1833 1801 1885 simul

105 1907 384 1960 constituti
425 1905 655 1975 aliquem
696 1906 971 1977 geniturae
1009 1907 1345 1976 possederint
1385 1906 1675 1976 cardinem,
1715 1909 1801 1960 vel

104 1982 159 2034 in
197 1981 377 2050 aliqua
424 1980 641 2033 anafora
695 1980 922 2034 cardinis
975 1981 1196 2051 fuerint,
1251 1984 1381 2034 tunc
1434 1981 1656 2034 exitium
1711 2001 1800 2050 pa-

105 2059 284 2108 ternae
341 2055 656 2108 calamitatis
713 2076 738 2103 *
759 2075 783 2104 *
806 2075 830 2103 *
887 2055 1288 2108 continuatione
1343 2057 1656 2125 decernunt⁷
1710 2075 1800 2125 pa—

106 2132 287 2182 ternae
335 2147 547 2198 quoque
586 2128 916 2182 substantiae
955 2130 1238 2182 facultates
1280 2130 1487 2183 miseris
1525 2130 1799 2183 laceratio-

103 2204 262 2256 nibus
296 2203 570 2272 dissipant.
640 2202 887 2256 Aliorum
920 2203 1088 2255 oculis
1119 2204 1405 2267 nocebunt,
1439 2207 1532 2256 aut
1564 2223 1628 2256 ex
1659 2205 1799 2258 ferro

227 2355 249 2393 7
286 2354 389 2403 170,
415 2352 475 2393 32
506 2349 699 2405 αὔξησιν
731 2349 870 2407 τύχης
902 2349 982 2393 καὶ
1012 2352 1213 2394 πλοῦτον
1245 2349 1392 2394 πολύν
1525 2353 1614 2407 (12)
1649 2348 1795 2405 κρείτ-

104 2426 221 2454 τονα
252 2409 341 2466 γὰρ
374 2409 452 2452 καὶ
484 2416 574 2452 τῶν
607 2408 782 2466 γονέων
814 2416 952 2453 ποιεῖ.
989 2408 1039 2453 ἐν
1072 2407 1124 2453 δὲ
1156 2417 1400 2468 νυκτερινῇ
1441 2408 1630 2467 γενέσει,
1670 2409 1798 2465 εἴπερ

108 2469 136 2525 ἡ
178 2468 358 2523 Σελήνη
398 2466 624 2512 πλειόνων
664 2467 758 2511 ἐστὶ
796 2475 971 2523 μοιρῶν
1003 2483 1180 2513 *****
1212 2470 1399 2524 (excidit
1432 2471 1483 2513 in
1516 2469 1683 2525 Catal.)

110 2533 166 2572 20
201 2532 303 2582 173,
329 2531 385 2573 34
418 2527 499 2572 τὸν
530 2525 613 2584 μὲν
645 2525 824 2583 πατέρα
856 2527 1188 2585 ταχυθάνατον
1215 2526 1242 2583 ἢ
1268 2527 1605 2572 κακοθάνατον
1637 2525 1802 2584 σημαί-

110 2603 199 2631 νει·
250 2588 291 2631 εἰ
331 2587 382 2631 δὲ
422 2587 502 2630 καὶ
541 2584 805 2641 ἐπίκεντρός
837 2588 960 2631 ἐστιν
993 2587 1017 2631 ὁ
1041 2585 1176 2643 Ἄρης
1215 2585 1242 2643 ἢ
1285 2586 1674 2645 ἐπανερχόμενος,
1713 2595 1802 2645 χεῖ-

112 2663 207 2702 ρον.
377 2647 470 2703 (26)
504 2649 603 2700 174,
629 2649 656 2690 3
697 2644 813 2690 ἔνιοι
860 2646 938 2689 καὶ
984 2647 1093 2697 τοὺς
1141 2646 1418 2704 ὀφθαλμοὺς
1464 2646 1726 2705 ἐβλάβησαν
1774 2645 1800 2702 ἢ

233 2784 254 2822 1
288 2779 467 2822 indocti
498 2778 558 2820 Νι
711 2783 734 2820 7
773 2780 940 2823 eaecidit
977 2781 1098 2823 velut
1135 2778 1447 2822 substantiam
1488 2782 1511 2832 ζ
1552 2782 1804 2836 augmenta

112 2857 139 2882 κ
292 2843 346 2882 10
380 2837 523 2895 enim]
572 2836 614 2881 ei
647 2854 674 2880 κ
707 2843 755 2882 at
786 2839 840 2893 cf.
879 2839 1025 2883 Catal.
1061 2838 1147 2894 γὰρ
1303 2844 1354 2881 11
1390 2839 1703 2882 decernuntur
1732 2856 1758 2882 κ
1795 2839 1798 2888 Ι

113 2898 220 2942 add.
246 2900 270 2950 ζ
390 2901 443 2940 14
476 2897 583 2940 add.
612 2899 634 2949 ζ
754 2902 807 2940 15
841 2897 1055 2941 fortunae
1080 2899 1127 2956 κ]
1153 2897 1271 2941 forte
1295 2901 1333 2939 N
1455 2902 1511 2941 20
1544 2912 1597 2941 ex
1622 2898 1668 2955 κ]
1695 2900 1742 2941 et
1765 2902 1803 2939 N

174 2961 229 3002 24
261 2958 427 3002 excidit
460 2955 648 3000 assidua
683 2957 744 3002 vel
777 2958 1002 3014 perpetua
1035 2958 1059 3010 ζ
1177 2961 1232 3000 26
1267 2956 1426 3001 oculus
1459 2961 1498 2999 N
1528 2957 1804 3003 correximus
