2066 3192
773 100 814 142 V
846 105 888 155 4,
913 105 1058 155 εε-ὅ,
1084 114 1117 146 e.
1713 102 1784 154 59

95 220 400 275 constitutis
447 220 599 273 Luna
648 222 806 289 plena
855 220 1148 274 luminibus
1194 239 1290 290 per
1338 221 1653 290 quadratum
1701 223 1786 274 vel

95 296 413 348 diametrum
452 295 656 348 feratur
694 296 760 347 ad
790 294 1036 365 Martem,
1074 313 1171 348 nec
1204 313 1319 348 eam
1351 295 1631 348 benivolae
1664 295 1785 349 stel-

92 370 175 426 lae
213 387 468 439 prospera
506 368 801 434 radiatione
842 370 1175 438 conveniant,
1215 387 1315 422 nec
1351 368 1559 422 malitia
1596 369 1785 423 Martis

97 446 189 495 aut
227 443 478 496 Mercurii
516 443 826 496 testimonio
863 442 1008 496 Iovis
1047 447 1141 496 aut
1179 442 1403 495 Veneris
1442 443 1606 496 fuerit
1643 443 1786 496 miti-

49 539 69 572 5
94 521 233 589 gata,
263 521 484 586 propter
514 517 643 569 haec
675 518 912 571 facinora
944 536 1126 571 severa
1157 517 1615 570 animadversione
1646 519 1784 587 plec-

93 594 295 646 tuntur.

205 679 581 750 [Mercurius
621 680 684 732 in
724 681 902 734 domo
942 680 1042 733 vel
1082 680 1147 733 in
1186 681 1421 734 decano
1465 678 1673 750 Solis]
1729 679 1837 734 Si3

93 753 392 808 Mercurius
431 755 488 808 in
528 755 686 808 domo
719 754 805 807 vel
837 755 894 808 in
926 755 1123 808 decano
1157 753 1298 808 Solis
1330 755 1494 807 fuerit
1524 755 1788 824 inventuS‚

95 832 148 882 et
185 828 347 881 fuerit
387 829 576 882 diurna
615 829 881 900 genitura,
926 829 1087 882 faciet
1133 829 1427 882 mediocres
1475 828 1652 882 animo
1699 848 1788 898 pa-

23 926 71 960 -10
93 904 225 956 riter
264 921 324 955 ac
361 906 553 971 mente,
592 904 899 972 †mediocri
931 907 984 956 et
1016 903 1290 956 audientes
1322 907 1376 956 et
1408 903 1789 973 excogitanteS‚

96 977 189 1030 sed
224 981 276 1030 et
306 978 452 1046 ipsos
486 978 731 1032 difficiles
764 996 824 1030 ac
857 977 1152 1030 malitiosas
1182 978 1389 1030 litteras
1421 981 1650 1031 tractare
1673 996 1789 1048 per-

92 1051 257 1119 ficiet,
311 1069 371 1103 ac
423 1051 813 1105 laboriosarum
862 1051 1162 1105 litterarum
1224 1052 1404 1106 officia
1455 1052 1787 1121 conmendat‚

94 1129 187 1178 aut
216 1125 448 1195 publicis
480 1126 642 1179 faciet
673 1126 866 1179 officiis
901 1126 1161 1196 deputari,
1194 1126 1440 1180 cordatos
1472 1126 1631 1179 etiam
1666 1145 1786 1180 cum

96 1200 320 1269 quadam
365 1200 673 1254 curiositate
713 1201 968 1270 perficiet,
1008 1201 1225 1253 secretis
1260 1204 1313 1253 et
1346 1200 1548 1253 illicitis
1582 1201 1787 1253 actibus

27 1297 70 1331 15
96 1274 458 1327 inefficacibus
514 1274 703 1327 studiis
766 1275 1066 1343 inplicatOS.
1145 1273 1202 1328 Si
1265 1293 1390 1328 vero
1446 1274 1610 1327 fuerit
1663 1275 1840 1329 noc-4

23 1405 28 1418 ἴ
94 1351 254 1402 turna
284 1349 544 1419 genitura,
578 1353 669 1401 aut
708 1352 885 1402 mente
926 1351 1112 1418 captos
1150 1349 1325 1417 faciet,
1365 1352 1457 1402 aut
1496 1367 1650 1402 aures
1689 1350 1788 1401 lin-

94 1441 321 1494 guamve
362 1422 631 1491 debilitat,
673 1442 878 1476 errores
918 1424 1060 1476 vitae
1100 1423 1335 1477 decernit
1373 1427 1466 1476 aut
1503 1423 1657 1491 vitia,
1697 1427 1789 1476 aut

91 1495 295 1565 <facit>
336 1499 469 1550 tales
516 1516 650 1566 quos
698 1515 906 1566 semper
954 1498 1124 1551 malae
1169 1498 1342 1550 famae
1380 1497 1579 1552 iudicia
1616 1516 1787 1567 perse-

95 1575 349 1641 quantur,
397 1575 449 1624 et
491 1590 625 1641 quos
664 1591 940 1641 nunquam
978 1575 1181 1624 rectum
1222 1572 1477 1625 iudicium
1516 1572 1643 1625 boni
1685 1590 1788 1625 ser-

29 1669 72 1702 so
95 1647 269 1699 monis
310 1646 559 1699 insinuet.

207 1735 585 1805 [Mercurius
626 1736 690 1788 in
727 1735 973 1788 finibus
1013 1735 1320 1804 Veneris]
1373 1734 1430 1789 Si
1462 1735 1757 1788 Mercurius
1776 1746 1970 1791 fol-wll

95 1811 152 1863 in
202 1809 400 1862 finibus
440 1809 662 1863 Veneris
711 1810 797 1863 vel
848 1811 903 1862 in
955 1810 1153 1863 decano
1203 1810 1366 1864 fuerit
1413 1811 1681 1880 inventus,
1732 1810 1839 1863 inf)

96 1885 286 1938 diurna
322 1887 694 1953 nocturnaque
734 1885 981 1955 genitura
1025 1885 1203 1937 omnia
1251 1883 1414 1937 simili
1460 1885 1665 1937 ratione
1706 1884 1788 1936 de-

96 1959 278 2012 cernit.
363 1958 511 2011 Tunc
566 1960 707 2011 enim
763 1977 1032 2011 sermones
1085 1959 1366 2011 hominum
1420 1962 1573 2028 grato
1628 1959 1789 2011 faciet

29 2054 72 2088 85
94 2033 376 2102 splendore
422 2034 718 2086 venustatis
769 2034 962 2102 ornari,
1009 2036 1063 2085 et
1108 2033 1418 2102 potentibus
1467 2050 1526 2085 ac
1571 2033 1787 2103 regibus

96 2107 203 2160 fido
243 2107 650 2160 necessitudinis
690 2126 869 2160 amore
906 2107 1199 2177 coniungit,
1239 2110 1292 2159 et
1322 2106 1498 2158 reddit
1528 2106 1661 2160 tales
1695 2108 1788 2175 qui

98 2181 276 2234 omnia
328 2182 486 2234 rectis
542 2183 748 2234 soleant
802 2181 1145 2234 consiliorum
1191 2180 1489 2233 rationibus
1537 2182 1788 2249 invenire,

98 2259 151 2308 et
212 2273 437 2324 quorum
501 2273 682 2309 omnes
737 2259 886 2308 actus
939 2273 1191 2324 prospere
1246 2258 1499 2324 sequatur
1553 2259 1787 2308 eventus,

97 2329 416 2399 Duplicibus
461 2330 657 2382 litteris
704 2329 1012 2398 inbuentur‚
1065 2333 1325 2398 conputos
1373 2348 1556 2382 omnes
1610 2329 1839 2382 conse-6

32 2424 75 2457 so
100 2406 329 2473 quentur
384 2406 436 2456 et
490 2422 673 2456 omnes
730 2405 998 2457 sollertiae
1048 2403 1379 2472 disciplinas,
1433 2407 1524 2456 aut
1571 2403 1788 2456 athletis

191 2614 213 2652 7
249 2610 406 2654 lemma
437 2623 518 2653 om.
540 2611 578 2652 Δ
705 2613 758 2652 10
790 2609 1046 2653 mediocria
1071 2627 1096 2653 κ
1124 2612 1229 2665 (pro
1255 2608 1375 2651 med.
1395 2610 1457 2664 et)
1487 2612 1492 2664 Ι
1522 2611 1568 2652 et
1592 2623 1676 2653 sec.
1703 2623 1784 2652 om.

104 2670 150 2711 Γ
233 2673 286 2712 12
314 2682 367 2712 ac
396 2669 463 2726 Γ]
490 2670 536 2711 et
560 2671 599 2711 Δ
630 2670 636 2724 Ι
664 2669 989 2712 commendata
1013 2670 1067 2712 ut
1095 2671 1141 2712 Γ
1229 2672 1281 2711 13
1315 2668 1431 2711 facit
1455 2671 1494 2711 A
1584 2673 1636 2711 14
1670 2668 1782 2711 acti—

99 2727 185 2770 bus
211 2727 328 2786 <et>
355 2745 380 2771 κ
492 2732 544 2770 16
576 2727 693 2772 facit
716 2730 740 2780 ζ
845 2732 898 2772 18
924 2729 1030 2772 add.
1057 2743 1084 2770 a.
1178 2733 1230 2770 19
1263 2729 1441 2770 rectum
1465 2727 1522 2785 N]
1550 2729 1726 2770 certum
1750 2732 1785 2769 D

99 2789 223 2830 recte
252 2789 298 2830 Γ
322 2787 528 2830 dativum
561 2788 612 2831 in
634 2788 759 2831 recte
784 2789 924 2832 inesse
944 2792 1082 2843 putat
1105 2804 1131 2830 κ
1160 2790 1165 2842 Ι
1194 2786 1419 2829 iudicium
1445 2785 1650 2829 insinuet
1673 2786 1784 2830 boni

101 2846 323 2889 sermonis
356 2848 395 2889 Δ
519 2850 571 2888 21
606 2847 765 2890 lemma
797 2860 878 2890 om.
906 2849 944 2889 Δ
1069 2850 1124 2888 28
1157 2845 1306 2888 omnis
1344 2847 1389 2888 Γ
1426 2847 1430 2901 Ι
1473 2845 1683 2901 prosperi
1717 2860 1783 2889 se-

81 2906 304 2960 'quantur
334 2907 374 2948 A
497 2909 551 2947 29
587 2904 857 2948 difficilibus
890 2923 916 2949 κ
944 2908 951 2961 Ι
978 2905 1251 2949 imbuuntur
1282 2906 1321 2947 A
