2078 3174
812 78 875 123 VI
907 84 978 136 31,
1002 92 1162 126 21—28.
1732 82 1837 134 155

147 205 314 255 matre
364 205 456 255 aut
504 203 645 255 certe
694 217 815 253 cum
868 218 1095 254 noverca
1145 200 1523 254 concumbunt.
1600 199 1659 253 Si
1708 219 1835 253 vero

145 275 384 329 mulieris
422 274 494 328 sit
530 275 634 328 ista
672 274 932 345 genitura,
970 278 1063 327 aut
1101 292 1223 326 cum
1261 277 1413 343 patre
1453 292 1550 327 suo
1590 278 1683 327 aut
1715 293 1836 328 cum

144 349 335 402 vitrico
382 366 479 403 suo
523 348 728 402 incesta
773 348 1012 401 libidinis
1059 348 1356 416 cupidItate
1404 347 1732 418 concumbit,
1782 352 1837 403 et

145 424 246 476 erit
292 423 640 476 nihilominus
696 423 800 475 ista
852 421 1045 475 mulier
1095 422 1237 475 circa
1290 440 1503 476 omnem
1556 422 1834 476 libidinem

99 515 120 547 5
144 498 277 551 vitio
331 496 609 567 prostituti
662 496 881 565 pudoris
936 496 1219 565 inpatiens
1297 495 1355 548 Si
1401 514 1526 549 vero
1567 495 1828 550 Saturnus
1837 511 2015 553 somer!

144 571 200 623 in
237 571 301 624 V.
340 570 407 624 ab
444 570 745 639 horoscopo
783 570 903 624 loco
942 569 1106 623 fuerit
1143 570 1406 639 inventus,
1447 575 1501 623 et
1538 570 1834 624 Mercurius

144 663 263 698 cum
295 645 502 699 Venere
532 645 590 697 in
619 644 709 697 XI.
747 644 813 697 ab
845 645 1146 713 horoscopo
1178 643 1298 697 loco
1339 645 1423 714 sit,
1461 645 1831 715 privignorum

141 719 356 788 nuptias
394 736 516 771 cum
553 719 757 771 nefaria
795 718 1090 787 cupiditate
1130 718 1434 772 decernunt.

250 792 381 863 <Si>
419 792 477 845 in
522 811 861 862 quocumque
898 792 1112 845 cardine
1151 790 1413 845 Saturnus
1452 793 1616 846 fuerit
1653 794 1834 846 iuven·
1850 794 1922 846 26

74 886 116 918 10
140 871 256 936 tuS,
306 871 359 920 et
395 866 453 919 in
491 867 750 920 diametro
788 867 1027 937 positum
1065 865 1390 920 Mercurium
1431 867 1627 920 minaci
1665 868 1834 921 radia-

139 942 285 994 tione
323 941 597 1010 respiciat,
641 959 706 994 ex
743 942 847 994 ista
885 940 1182 994 radiatione
1219 941 1455 994 filiorum
1495 942 1707 995 soboles
1748 942 1832 996 de-

138 1033 204 1067 ne
244 1018 378 1069 atur.

206 1034 310 1142 gSi
342 1089 464 1143 Sole
503 1091 560 1143 in
597 1090 898 1159 horoscopo
939 1090 1233 1143 constituto
1266 1089 1409 1143 Mars
1442 1107 1564 1142 cum
1597 1087 1830 1143 Saturno
1848 1091 1917 1142 27

138 1163 195 1215 in
239 1164 458 1217 anafora
502 1165 788 1232 horoscopi
831 1164 994 1216 fuerit
1040 1163 1304 1231 inventuS,
1350 1163 1407 1215 in
1446 1164 1633 1217 dextro
1674 1165 1830 1218 oculo

71 1255 112 1287 15
136 1237 327 1290 vitium
367 1238 587 1308 aliquod
624 1238 900 1309 infligitur.
979 1237 1036 1290 Si
1083 1256 1208 1291 vero
1249 1237 1402 1290 Luna
1452 1238 1523 1290 sit
1571 1238 1628 1290 in
1674 1237 1831 1291 horo-

137 1330 300 1381 scopo
341 1314 654 1381 constituta,
694 1315 747 1366 et
785 1313 843 1364 in
881 1313 1100 1365 anafora
1137 1312 1423 1381 horoscopi
1461 1312 1607 1365 Mars
1646 1315 1701 1365 et
1741 1311 1830 1366 Sa-

135 1389 324 1439 turnus
363 1388 564 1440 fuerint
603 1387 823 1456 inventi,
860 1386 964 1439 hoc
998 1386 1138 1438 idem
1170 1387 1363 1438 vitium
1396 1386 1611 1439 sinister
1642 1386 1829 1440 oculus

135 1459 374 1530 accipiet,
414 1462 507 1514 sed
537 1461 668 1514 haec
698 1462 755 1514 in
786 1464 1049 1514 nocturna
1079 1463 1337 1531 genitura.
1410 1459 1514 1512 Sed
1546 1461 1593 1513 si
1625 1461 1682 1514 in
1712 1460 1827 1514 MC.

133 1533 286 1587 Luna
316 1535 480 1588 fuerit
510 1535 742 1603 inventa,
774 1538 828 1587 et
853 1534 947 1588 Sol
979 1535 1049 1587 sit
1080 1535 1137 1587 in
1160 1535 1462 1604 horoscopo
1489 1536 1829 1605 constitutuS,

68 1626 110 1657 20
136 1607 396 1661 Saturnus
431 1627 557 1662 vero
589 1608 680 1661 IX.
713 1609 779 1661 ab
810 1608 1111 1678 horoscopo
1149 1610 1330 1662 locum
1369 1612 1562 1676 teneat,
1602 1613 1655 1661 et
1684 1608 1827 1663 Mars

135 1683 204 1735 sit
228 1683 284 1734 in
308 1682 398 1736 XI.
423 1684 488 1736 ab
513 1683 812 1752 horoscopo
837 1683 956 1735 loco
982 1684 1323 1751 constitutuS,
1349 1683 1551 1735 scilicet
1570 1703 1826 1732 *maen*

132 1759 186 1808 et
209 1756 417 1810 Lunam
441 1759 496 1810 in
520 1756 611 1810 VI.
635 1759 754 1810 loco
779 1757 846 1810 ab
870 1757 1172 1826 horoscopo
1198 1757 1546 1810 constitutam
1571 1757 1827 1810 diametra
1845 1757 1916 1810 28

132 1830 426 1884 radiatione
472 1832 738 1900 respiciat,
770 1830 1031 1884 Saturnus
1071 1850 1196 1884 vero
1238 1835 1291 1883 et
1323 1830 1417 1883 Sol
1449 1831 1632 1900 partili
1664 1832 1827 1885 socie-

132 1907 243 1957 tate
282 1907 553 1960 coniuncti
593 1906 651 1958 in
687 1904 835 1958 VIII.
876 1906 941 1959 ab
980 1905 1283 1974 horoscopo
1326 1905 1445 1958 loco
1486 1905 1594 1959 sint
1634 1907 1826 1958 consti-

66 1995 108 2028 35
132 1979 259 2047 tuti,
305 1980 559 2033 miserum
606 1980 830 2032 exitium
878 1979 1149 2032 caecitatis
1196 1979 1464 2050 infligunt.
1544 1978 1649 2032 Sed
1687 1983 1740 2032 et
1780 1980 1826 2032 si

131 2052 283 2106 Luna
314 2053 372 2106 in
393 2052 539 2107 IMG.
561 2054 725 2107 fuerit
757 2054 987 2121 inventa,
1019 2057 1073 2106 et
1099 2052 1360 2106 Saturnus
1393 2057 1446 2106 et
1479 2053 1573 2106 Sol
1605 2057 1657 2106 et
1680 2053 1826 2106 Mars

131 2126 186 2178 in
220 2125 366 2179 VIII.
406 2128 472 2180 ab
511 2128 812 2196 horoscopo
852 2127 971 2180 loco
1012 2127 1291 2180 constituti
1322 2127 1528 2179 Lunam
1561 2128 1826 2198 trigonica

131 2200 424 2254 radiatione
456 2201 758 2271 respiciant,
794 2202 1100 2254 caecitatem
1132 2205 1185 2253 et
1218 2201 1551 2254 debilitatem
1584 2202 1822 2270 corporis

251 2352 274 2389 1
310 2349 433 2390 certe
465 2361 548 2391 om.
574 2351 652 2389 AB
775 2352 799 2391 3
833 2347 1023 2391 victrico
1056 2352 1091 2389 D
1138 2347 1306 2391 marito
1338 2351 1378 2389 N
1434 2350 1440 2403 Ι
1499 2361 1580 2391 8110
1613 2361 1695 2392 om.
1721 2350 1762 2391 Δ

142 2409 164 2447 7
200 2419 306 2448 cum
336 2421 419 2450 om.
447 2409 485 2449 Δ
609 2411 635 2449 8
667 2406 849 2451 nefaria
881 2406 942 2465 A]
987 2406 1113 2449 fama
1146 2407 1273 2450 varia
1304 2406 1484 2450 nefaria
1516 2410 1553 2448 A
1598 2406 1720 2450 faria
1751 2406 1824 2450 vel

131 2464 312 2508 nefaria
343 2469 425 2507 BG
546 2470 570 2508 9
605 2466 711 2509 add.
737 2469 799 2518 κζ
919 2471 973 2508 10
1007 2468 1054 2510 et
1086 2465 1152 2509 sic
1180 2468 1227 2510 Γ
1253 2466 1334 2523 (sit
1360 2470 1413 2522 A)
1458 2469 1463 2522 Ι
1507 2466 1688 2522 positus
1722 2469 1760 2509 Δ

134 2528 187 2566 13
220 2537 325 2567 011111
358 2523 556 2568 Saturno
591 2526 649 2583 Δ]
689 2526 736 2569 et
769 2525 994 2568 Saturnus
1031 2527 1077 2569 Γ
1195 2530 1248 2568 14
1281 2525 1340 2568 ab
1372 2525 1629 2581 horoscopo
1662 2528 1701 2568 Δ

133 2587 186 2625 16
221 2583 477 2626 constituta
510 2597 593 2627 om.
626 2586 666 2627 A
726 2586 731 2640 Ι
789 2587 837 2628 et
866 2585 915 2642 v]
962 2589 1046 2627 aut
1198 2589 1251 2628 17
1291 2584 1435 2628 fuerit
1474 2585 1686 2627 inventus
1719 2583 1824 2626 ΑΒ*

134 2643 319 2696 (probat
350 2656 376 2686 σ
406 2644 488 2699 qui
518 2642 641 2686 Mars
674 2657 778 2686 cum
811 2643 1025 2699 Saturno)
1162 2648 1217 2686 18
1250 2643 1451 2699 accipiet
1482 2643 1581 2701 AB]
1616 2642 1821 2699 assequi-

131 2703 207 2743 tur
238 2703 278 2744 A
327 2703 600 2758 assequetur
631 2707 665 2744 G
707 2705 713 2758 Ι
756 2702 838 2746 sed
870 2717 953 2747 om.
979 2706 1019 2746 A
1159 2707 1213 2746 19
1246 2703 1308 2746 sit
1338 2716 1422 2746 om.
1453 2705 1492 2746 A
1631 2707 1683 2745 21
1719 2702 1821 2746 loco

130 2773 213 2803 om.
247 2759 341 2802 A'B
399 2765 405 2817 Ι
464 2760 643 2805 scilicet
673 2775 755 2806 om.
790 2764 830 2805 A
841 2765 878 2803 A
934 2764 941 2816 1
998 2763 1167 2806 excidit
1203 2762 1447 2814 decretum,
1489 2762 1609 2817 quod
1646 2762 1700 2805 de
1738 2775 1821 2805 suo

129 2819 380 2923 gg}„aalit
410 2824 489 2931 §23
521 2819 684 2876 partili
718 2821 785 2878 Γ]
819 2819 997 2877 pariter
1029 2824 1067 2864 ..1
1205 2825 1261 2862 24
1295 2820 1389 2863 sint
1419 2834 1561 2876 supra
1588 2826 1691 2876 post
1716 2820 1822 2863 VIII
