2066 3192
276 132 303 183 1
315 132 382 184 12
1004 129 1233 176 FIRMICI

221 252 255 305 5
386 253 576 322 [Mars
617 255 677 304 et
715 252 890 305 Luna
928 251 1264 321 diametri]
1307 251 1364 306 Si
1399 252 1542 305 Mars
1583 255 1636 306 et
1666 251 1818 305 Luna
1856 252 1962 305 dia-

274 331 444 380 metra
491 346 546 380 se
592 326 887 379 radiatione
933 326 1280 396 respexerint,
1326 329 1379 379 et
1424 326 1480 378 in
1520 325 1800 380 contrariis
1841 345 1960 380 con-

275 402 451 454 stituti
498 401 631 454 locis
677 400 842 471 longa
881 418 936 453 se
974 399 1203 454 invicem
1242 400 1511 453 radiorum
1550 419 1764 454 suorum
1808 404 1962 470 pote-

275 478 412 528 state
435 475 781 545 pulsaverint,
813 477 905 527 aut
929 474 1327 544 oligochronios
1353 475 1567 544 facient,
1590 478 1683 528 aut
1705 475 1962 545 gravibus

271 549 631 618 periculorum
672 548 1164 601 continuationibus
1204 550 1578 618 insequuntur,
1618 552 1710 601 aut
1747 549 1963 619 nuptias
2009 570 2028 604 5

273 643 381 676 non
429 624 733 692 decernunt,
781 626 874 676 aut
915 623 960 676 si
999 623 1224 675 aliarum
1263 625 1539 676 stellarum
1574 623 1837 692 praesidio
1879 624 1962 676 de-

190 728 194 731 ,
272 701 445 750 cretae
498 697 698 750 fuerint
750 698 985 766 nuptiae,
1038 716 1230 751 uxores
1279 697 1429 750 datas
1469 697 1675 750 miseris
1706 697 1961 751 mortium

272 772 647 825 atrocitatibus
685 772 970 841 perimunt.
1041 770 1146 824 Sed
1185 774 1238 824 et
1277 771 1422 840 ipsos
1462 773 1604 824 malo
1645 772 1792 824 exitu
1826 790 1964 824 mor-

270 847 340 899 tis
373 846 703 914 interimunt,
742 849 834 898 aut
867 845 1083 914 publica
1114 845 1570 899 animadversione
1601 849 1963 915 prosternunt,

270 922 584 990 praesertim
625 920 668 973 si
708 920 860 972 Luna
899 920 1061 973 fuerit
1099 920 1257 988 plena
1296 920 1603 975 luminibus,
1987 944 2030 976 ιο

1010 1052 1208 1107 XVIII.

384 1141 518 1213 [Sol
567 1145 627 1194 et
677 1142 852 1194 Luna
904 1141 1239 1211 diametri.]
1303 1141 1360 1195 Si
1411 1141 1505 1195 Sol
1554 1146 1607 1196 et
1655 1142 1808 1195 Luna
1857 1143 1962 1196 dia-

271 1221 440 1270 metra
486 1235 540 1269 se
587 1217 883 1269 radiatione
929 1217 1279 1286 respexerint,
1326 1219 1380 1269 et
1425 1218 1481 1269 in
1522 1217 1801 1270 contrariis
1841 1235 1961 1271 con-

271 1292 447 1344 stituti
492 1290 624 1344 locis
671 1291 834 1360 longa
881 1309 936 1344 se
982 1292 1211 1345 invicem
1250 1291 1519 1343 radiorum
1560 1309 1778 1344 suorum
1815 1295 1962 1360 pote-

272 1369 410 1418 state
448 1365 794 1435 pulsaverint,
832 1366 999 1418 vitam
1031 1369 1084 1418 et
1114 1368 1315 1418 statum
1347 1365 1580 1418 hominis
1612 1366 1963 1418 substantiae·
1986 1389 2028 1422 15

273 1459 374 1509 que
415 1440 654 1492 ordinem
694 1443 746 1492 et
787 1440 967 1492 omnia
1006 1439 1284 1510 dignitatis
1316 1440 1550 1510 insignia
1580 1440 1727 1492 varia
1757 1441 1962 1493 faciunt

271 1515 476 1568 ratione
507 1515 718 1566 mutari.
781 1514 932 1566 Tunc
964 1515 1105 1566 enim
1137 1514 1344 1566 collatis
1378 1514 1579 1567 divitiis
1610 1532 1794 1568 rursus
1827 1533 1961 1566 onus

270 1589 602 1658 paupertatis
666 1588 906 1658 affertur,
973 1588 1173 1658 (tunc)
1234 1590 1565 1658 paupertatis
1625 1589 1963 1641 incommoda

271 1665 495 1716 aliarum
535 1662 842 1715 divitiarum
881 1680 1066 1715 rursus
1107 1662 1317 1715 solaciis
1346 1661 1665 1715 relaxantur.
1737 1662 1962 1716 Faciunt

125 1755 168 1785 οι.
185 1750 279 1786 7401
302 1739 462 1790 etiam
503 1737 642 1790 circa
681 1737 890 1790 vultum
930 1737 1209 1790 indecorae
1248 1737 1557 1789 valitudinis
1597 1738 1743 1808 vitia,
1783 1736 1873 1790 sed
1909 1741 1994 1788 et·

270 1830 464 1880 corpus
503 1811 697 1864 misera
736 1812 1102 1864 contractione
1143 1811 1437 1863 debilitant.

1045 1943 1187 1997 XIX.

382 2033 617 2106 [Venus
666 2037 726 2086 et
772 2034 948 2086 Luna
994 2032 1328 2102 diametri]
1397 2031 1455 2085 Si
1497 2033 1678 2085 Venus
1718 2037 1771 2085 et
1809 2033 1960 2085 Luna

271 2109 529 2161 diametra
583 2127 637 2160 se
691 2109 987 2160 radiatione
1041 2108 1394 2177 respexerint,
1455 2111 1508 2159 et
1568 2109 1624 2160 in
1679 2109 1958 2160 contrariis

274 2183 597 2235 constitutae
651 2182 783 2235 locis
841 2183 1003 2252 longa
1050 2201 1104 2235 se
1151 2183 1379 2235 invicem
1426 2182 1695 2235 radiorum
1742 2200 1958 2234 suorum
2042 2209 2043 2215 =

270 2260 534 2326 potestate
581 2257 932 2326 pulsaverint,
985 2255 1220 2309 infelices
1267 2256 1484 2324 nuptias
1532 2274 1596 2308 ex
1642 2256 1745 2308 ista
1790 2256 1959 2308 radia-

391 2407 417 2445 4
451 2406 599 2456 176,1
626 2400 971 2476 ὀλιγοχρονίους
995 2410 1122 2446 ποιεῖ
1147 2403 1230 2446 καὶ
1256 2402 1504 2452 κινδύνους
1529 2401 1722 2459 συχνοὺς
1746 2400 1956 2446 δίδωσιν

272 2461 316 2506 οἱ
357 2478 441 2517 μεν
486 2461 573 2519 γὰρ
615 2460 790 2518 ἄγαμοί
829 2461 1043 2516 εἰσιν,οῑ
1083 2461 1135 2506 δὲ
1165 2460 1404 2505 θάπτουσι
1434 2460 1515 2511 τὰς
1548 2468 1786 2517 γυναῖκας,
1818 2461 1898 2504 καὶ
1928 2460 1957 2516 ἡ

270 2521 475 2637 ζτῑίὸῗξιτξ
485 2520 662 2565 τούτων
686 2519 831 2576 κακή·
866 2518 894 2576 ἢ
920 2520 1007 2577 γὰρ
1035 2518 1244 2576 μανίας
1228 2518 1256 2575 ἡ
1280 2522 1424 2576 τομὰς
1455 2523 1599 2576 μελῶν
1631 2518 1659 2575 ἠ
1693 2521 1904 2577 ὃεσμ(οὺς
1919 2522 1956 2577 Ῥ)

390 2703 417 2741 4
442 2698 585 2742 faciet
609 2713 720 2743 corr.
747 2702 772 2750 ζ
883 2702 905 2740 7
933 2697 1108 2741 fuerint
1133 2698 1347 2741 decretae
1372 2699 1411 2740 Δ
1449 2699 1455 2754 Ι
1492 2697 1629 2740 datae
1652 2699 1697 2740 Γ
1804 2701 1829 2740 8
1855 2710 1956 2753 per-

273 2757 408 2800 ibunt
438 2772 551 2803 corr.
579 2761 602 2810 ζ
722 2761 746 2800 9
779 2756 1054 2800 interimunt
1077 2757 1134 2814 N]
1167 2756 1396 2800 interimit
1418 2760 1455 2798 A
1486 2755 1746 2799 interibunt
1775 2761 1851 2800 cet.

275 2821 325 2858 17
355 2816 536 2860 collatis
561 2816 646 2874 κζ]
665 2815 904 2860 collocatis
929 2815 1199 2871 (collocatus
1224 2819 1279 2872 N)
1384 2819 1437 2858 18
1463 2815 1568 2858 add.
1597 2817 1657 2867 κζ
1762 2818 1814 2857 19
1841 2814 1955 2858 alia-

270 2890 370 2917 rum
403 2875 473 2933 A']
508 2876 704 2919 aliorum
736 2876 874 2933 (uvzde
906 2875 1103 2918 divitum
1134 2875 1208 2931 D1)
1333 2878 1386 2917 23
1422 2873 1656 2931 diametri]
1689 2874 1746 2928 cf.
1778 2878 1851 2927 81,
1878 2886 1895 2917 7

271 2940 325 2976 25
359 2935 638 2979 constitutae
670 2935 723 2992 B]
758 2933 998 2977 constituti
