2084 3192
251 176 359 228 254
981 174 1210 218 FIRMICI

166 297 237 348 14
252 297 468 349 faciunt.
561 294 663 349 Sed
718 297 762 347 si
817 295 916 349 hos
970 295 1266 349 Mercurius
1330 295 1587 363 quadrata
1646 296 1941 348 radiatione

249 370 564 440 respexerit,
619 370 838 422 deorum
885 369 993 422 illis
1047 369 1314 438 praesidio
1363 370 1561 422 sanitas
1608 373 1939 439 conparatur.

251 444 309 497 Si
347 462 472 497 vero
511 444 569 496 in
606 444 692 496 his
731 443 863 496 locis
901 443 1067 512 positi
1105 444 1289 513 partili
1329 443 1439 496 sint
1475 443 1770 496 radiatione
1819 461 1940 497 con-

249 519 440 588 iuncti,
486 521 548 571 ut
585 536 782 587 aequas
820 520 998 587 partes
1041 517 1370 586 possideant,
1417 518 1632 570 insanos
1683 517 1940 586 efficiunt,

250 593 342 645 sed
396 593 489 661 qui
541 610 835 660 numquam
891 591 1101 660 possint
1161 610 1192 643 a
1246 591 1640 644 discriminibus
1702 591 1938 644 insaniae
1986 615 2006 646 5

247 666 482 719 liberari.
559 664 617 718 Si
655 684 779 718 vero
820 665 876 718 in
925 665 1124 717 finibus
1173 666 1281 718 suis
1330 666 1437 717 sint
1482 664 1667 734 positi,
1718 668 1811 718 aut
1850 664 1940 717 Sa-

196 773 199 775 ·
248 743 439 794 turnus
487 740 543 792 in
588 740 787 792 finibus
834 740 904 792 sit
949 739 1160 807 MartiS,
1207 742 1262 791 et
1308 738 1450 792 Mars
1497 739 1554 791 in
1600 740 1796 792 finibus
1849 738 1940 791 Sa-

247 815 408 878 turni,
447 817 501 866 et
540 813 650 866 sint
687 814 744 866 in
783 814 866 866 his
898 814 955 865 in
987 812 1181 882 quibus
1215 813 1446 866 diximus
1476 813 1609 866 locis
1644 814 1938 882 constituti,

247 907 277 939 a
317 889 463 941 vitiis
502 888 739 940 insaniae
776 886 1085 950 liberantur,
1124 891 1410 955 postquam
1451 887 1639 939 Martis
1670 887 1774 940 XV
1813 888 1939 939 anni

161 963 228 1016 15
247 966 340 1014 aut
395 961 611 1015 Saturni
665 960 818 1013 XXX
872 962 996 1014 anni
1050 961 1285 1030 conpleti
1338 961 1550 1014 fuerint.
1629 959 1732 1013 Sed
1786 965 1840 1013 et
1893 961 1937 1014 si
1964 985 2006 1015 10

246 1034 490 1105 Iuppiter
529 1038 582 1088 et
618 1035 763 1103 Mars
803 1036 968 1088 simili
1006 1053 1062 1087 se
1101 1035 1398 1088 radiatione
1437 1037 1790 1104 respexerint,
1830 1037 1937 1104 epi-

245 1111 526 1180 lempticos
566 1110 776 1162 facient.
848 1108 905 1162 Si
943 1128 1070 1162 vero
1112 1111 1189 1162 sic
1228 1109 1367 1162 sicut
1408 1109 1638 1161 diximus
1678 1109 1842 1178 positi
1880 1110 1937 1161 in

246 1183 355 1237 suis
395 1184 638 1253 partibus
677 1183 878 1236 fuerint
916 1183 1186 1250 collocati,
1233 1187 1325 1236 aut
1363 1182 1607 1252 Iuppiter
1643 1184 1699 1235 in
1738 1183 1934 1236 finibus

244 1258 434 1311 Martis
489 1261 543 1310 et
589 1257 731 1310 Mars
785 1258 842 1310 in
894 1258 1093 1310 finibus
1148 1257 1291 1310 Iovis
1346 1257 1437 1325 sit,
1493 1258 1548 1309 in
1602 1257 1770 1310 initiis
1823 1257 1934 1310 eius

245 1332 555 1384 valitudinis
601 1333 920 1400 liberantur,
968 1332 1059 1384 sed
1100 1333 1310 1400 quando
1363 1332 1536 1400 prima
1584 1331 1770 1384 stellae
1807 1335 1934 1384 tem-
1961 1353 2001 1384 15

244 1425 377 1474 pora
436 1407 768 1474 transierint,
829 1406 883 1458 id
945 1409 1026 1458 est
1086 1408 1180 1457 aut
1240 1405 1426 1458 Martis
1477 1405 1578 1458 XV
1634 1405 1780 1474 anni,
1843 1409 1934 1457 aut

243 1480 388 1533 Iovis
427 1479 546 1532 XII.
626 1479 683 1532 Si
729 1498 853 1533 vero
905 1479 1199 1532 Mercurius
1240 1499 1265 1528 *
1287 1500 1356 1528 ηε*
1399 1483 1491 1532 aut
1538 1479 1796 1531 diametra
1842 1482 1934 1531 aut

245 1555 503 1623 quadrata
555 1553 717 1606 fuerit
769 1554 1065 1606 radiatione
1128 1557 1420 1605 conventus
1430 1597 1443 1623 ,
1506 1556 1558 1605 et
1618 1554 1674 1604 in
1735 1553 1933 1605 eisdem

242 1629 486 1697 partibus
525 1628 756 1697 posituS,
803 1627 965 1681 faciet
1010 1628 1282 1680 hominem
1320 1628 1376 1679 in
1424 1627 1638 1695 templis
1677 1645 1934 1695 responsa

242 1702 473 1755 reddere.
1955 1724 1999 1755 20

1017 1849 1159 1901 XXI.

195 1956 221 2006 1
359 1953 476 2023 [De
516 1953 761 2023 calvis]
842 1952 974 2006 Cum
1013 1953 1166 2005 Luna
1203 1954 1259 2004 in
1313 1952 1615 2005 cardinibus
1661 1952 1836 2021 posita
1874 1953 1930 2005 in

247 2028 442 2080 eisdem
487 2028 558 2080 sit
589 2029 863 2098 signorum
901 2027 1160 2096 partibuS,
1200 2045 1334 2095 quae
1366 2027 1479 2078 sine
1517 2026 1628 2095 pilo
1670 2029 1808 2094 sunt,
1839 2030 1931 2079 aut

243 2102 300 2154 in
340 2100 630 2171 Sagittario
671 2102 824 2154 Luna
874 2102 944 2154 sit
984 2102 1297 2168 constituta,
1348 2100 1698 2168 mal<ivol>ae
1735 2100 1931 2167 (vero)

242 2175 427 2228 stellae
482 2179 574 2245 aut
628 2176 684 2228 in
739 2175 924 2228 solidis
980 2178 1072 2227 aut
1110 2175 1167 2227 in
1212 2174 1432 2243 tropicis
1479 2175 1586 2226 sint
1632 2174 1822 2243 signiS,
1872 2174 1929 2226 in
1952 2194 1994 2227 25

241 2249 435 2318 quibus
482 2249 749 2318 partiliter
788 2249 1041 2302 vitiorum
1087 2249 1236 2302 locus
1285 2253 1338 2300 et
1376 2248 1687 2301 valitudinis
1727 2249 1927 2300 inveni—

240 2327 342 2392 tur,
382 2324 559 2375 calvos
600 2324 848 2376 efficient.
909 2322 1025 2376 Hoc
1064 2322 1202 2374 idem
1243 2322 1613 2375 malivolarum
1654 2321 1927 2374 stellarum

240 2397 534 2450 radiatione
573 2398 840 2466 pulsatus,
880 2417 950 2445 *201
972 2418 996 2445 *
1062 2396 1165 2449 Sed
1205 2399 1257 2448 et
1294 2396 1409 2464 <si>
1447 2395 1632 2447 Venus
1671 2396 1727 2446 in
1756 2396 1924 2447 ‘domo

358 2561 384 2598 4
416 2557 488 2615 ut]
523 2559 604 2600 aut
635 2574 662 2600 κ
785 2561 809 2599 5
841 2558 1035 2612 possunt
1057 2561 1159 2598 Nw
1190 2570 1304 2600 corr.
1329 2558 1353 2608 ζ
1399 2558 1404 2611 Ι
1456 2570 1483 2598 3
1514 2555 1858 2598 discriminibus
1883 2555 1923 2612 ζ]

241 2616 345 2658 aliis
370 2615 641 2659 criminibus
665 2621 767 2658 NW
791 2615 866 2671 (ab
891 2615 1232 2658 incursionibus
1259 2617 1300 2671 σ)
1416 2620 1440 2658 6
1470 2614 1570 2671 aut]
1597 2615 1648 2656 ut
1671 2631 1698 2658 κ
1814 2619 1836 2656 7
1863 2614 1925 2656 sit

233 2680 339 2730 post
369 2675 491 2718 Mars
522 2689 627 2730 pon.
655 2689 680 2717 σ
801 2679 827 2718 8
860 2674 1101 2717 constituti
1125 2680 1232 2730 post
1261 2673 1473 2716 insaniae
1500 2678 1614 2726 NW,
1648 2678 1869 2728 traozspos.
1902 2676 1927 2724 ζ

298 2739 323 2776 9
357 2734 682 2777 liberabuntur
713 2738 767 2775 W
889 2738 940 2776 11
976 2733 1251 2789 epilenticos
1282 2737 1384 2774 NW
1515 2737 1566 2774 12
1599 2732 1780 2774 faciunt
1810 2735 1863 2772 W

241 2797 294 2835 14
327 2792 389 2835 sit
420 2792 540 2836 Iovis
566 2795 771 2850 postulat
801 2794 1034 2846 clausula;
1066 2792 1141 2846 sit,
1174 2791 1298 2834 vitiis
1331 2808 1357 2834 κ
1480 2796 1533 2834 15
1567 2792 1740 2846 quanto
1771 2790 1922 2845 prima

239 2851 375 2894 stella
406 2856 445 2893 N
598 2857 648 2894 17
686 2853 774 2898 Iac.
807 2857 909 2895 stat.
944 2855 968 2902 ζ
1117 2855 1170 2893 18
1211 2854 1258 2894 et
1290 2849 1420 2908 <sit>
1454 2854 1479 2901 ζ
1532 2852 1536 2906 Ι
1595 2849 1777 2892 hisdem
1808 2853 1862 2890 W

240 2915 292 2952 19
325 2910 591 2954 hominibus
622 2913 690 2956 vel
721 2911 911 2954 deorum
943 2914 966 2961 ζ
1115 2915 1168 2952 23
1211 2910 1424 2966 eis[dem]
1457 2912 1480 2960 ζ
1629 2913 1684 2950 24
1719 2909 1866 2964 suppl.
1900 2911 1925 2959 ζ

237 2969 316 3024 (sit
347 2970 429 3013 dez.
462 2970 507 3025 κ)
630 2975 683 3012 28
717 2971 799 3013 lac.
831 2974 932 3013 stat.
966 2970 989 3020 ζ
1044 2971 1049 3024 Ι
1108 2969 1211 3011 add.
1246 2972 1270 3019 ζ
