2100 3186
225 146 259 198 2
267 147 335 198 14
962 143 1192 188 FIRMICI

225 267 318 335 qui
357 270 515 318 natus
563 265 727 318 fuerit
773 268 1082 334 exponetur.
1155 264 1358 328 Quodsi
1404 266 1592 318 ceteris
1642 265 1811 319 stellis
1858 265 1916 318 in

223 340 308 394 his
348 341 404 392 in
444 340 637 408 quibus
678 339 911 392 diximus
949 340 1082 392 Iocis
1121 340 1314 408 positis
1344 358 1452 392 una
1481 339 1731 392 benivola
1763 341 1917 392 stella

43 432 107 469 soz.
119 427 183 462 oor
195 431 239 461 II
252 415 310 466 in
341 432 677 482 quocumque
709 414 922 466 cardine
953 413 1115 466 fuerit
1147 414 1378 483 inventa,
1418 414 1690 482 expositus
1717 413 1783 466 ab
1808 413 1914 466 alio

224 491 477 542 collectus
517 489 796 540 nutrietur.
876 486 980 540 Sed
1027 487 1074 539 ei
1121 487 1252 540 haec
1297 489 1414 556 ipsa
1461 487 1711 540 benivola
1763 489 1917 540 stella

139 562 205 615 15
224 562 290 614 ad
329 562 615 614 vivendum
654 562 863 614 minora
900 562 1157 630 temporis
1198 561 1281 615 sui
1319 561 1492 630 spatia
1533 562 1779 614 decernit.
1858 560 1916 614 Si
1961 583 1982 616 5

222 636 374 688 Luna
419 635 603 704 aequis
650 635 894 704 partibus
943 653 1062 688 cum
1109 635 1282 688 Marte
1327 635 1582 706 iungatur
1627 635 1683 687 in
1730 635 1914 688 eodem

212 710 378 780 ‚signo
417 709 611 778 posita,
650 713 744 762 aut
781 709 829 761 si
867 710 920 761 in
955 709 1214 762 diametro
1248 709 1531 763 constituti
1566 728 1760 778 aequas
1798 728 1915 778 par-

222 787 303 836 tes
342 786 560 836 teneant
598 784 655 836 in
693 781 912 852 †IMG.,
959 802 1056 836 nec
1103 801 1193 836 eos
1241 783 1419 852 aliqua
1464 783 1714 836 benivola
1761 786 1915 836 stella

221 858 486 926 respiciat,
527 856 789 910 Saturnus
820 875 946 910 vero
981 858 1055 910 sic
1085 857 1319 926 positam
1351 875 1472 910 cum
1504 857 1675 910 Marte
1707 857 1914 910 Lunam

221 931 461 1000 qualibet
507 931 715 984 ratione
760 931 961 1001 videat,
1007 935 1203 984 matres
1250 949 1434 983 eorum
1481 932 1539 983 in
1583 932 1700 1000 ipso
1756 934 1915 999 partu
1939 953 1983 986 ιο

221 1008 540 1059 constitutae
579 1005 894 1058 moriuntur.
973 1004 1031 1057 Si
1069 1023 1194 1058 vero
1241 1005 1423 1074 aliqua
1466 1005 1714 1058 benivola
1761 1007 1915 1058 stella

222 1080 298 1133 sic
344 1098 465 1133 cum
511 1079 683 1132 Marte
729 1079 960 1148 positam
999 1078 1207 1132 Lunam
1252 1078 1526 1149 respiciat,
1574 1080 1787 1132 conciso
1836 1080 1913 1132 in-

219 1154 366 1206 fante
419 1153 784 1222 particulatim
838 1153 1048 1222 prolato
1105 1157 1275 1206 mater
1321 1171 1386 1205 ex
1431 1153 1619 1206 mortis
1674 1153 1912 1222 periculo

135 1227 492 1280 161iberatur.
571 1227 628 1280 Si
666 1227 819 1280 Luna
858 1230 913 1279 in
953 1244 1142 1280 occasu
1180 1228 1343 1280 fuerit
1390 1228 1628 1295 inventa,
1676 1231 1729 1280 et
1768 1227 1912 1280 Mars

219 1305 312 1354 aut
351 1321 472 1354 cum
504 1301 622 1370 ipsa
653 1302 710 1353 in
741 1302 909 1354 isdem
940 1301 1183 1370 partibus
1218 1302 1381 1354 fuerit
1420 1301 1685 1370 inventuS,
1725 1305 1819 1353 aut
1858 1301 1915 1353 in
1939 1322 1979 1356 15

218 1376 518 1444 horoscopo
558 1375 826 1445 partiliter
865 1376 1202 1443 constitutus,
1243 1379 1297 1427 et
1329 1377 1399 1428 sit
1431 1376 1620 1428 diurna
1652 1375 1913 1446 genitura,

218 1450 264 1503 is
305 1451 397 1518 qui
435 1453 594 1502 natus
634 1449 797 1502 fuerit
837 1453 1146 1518 exponetur.
1226 1449 1330 1502 Sed
1370 1453 1424 1502 et
1462 1451 1508 1502 si
1539 1449 1783 1519 Iuppiter
1814 1450 1913 1501 hos

221 1523 296 1576 810
343 1526 632 1577 collocatos
680 1525 736 1575 in
783 1524 887 1576 alio
937 1523 1150 1577 cardine
1195 1524 1405 1592 positus
1452 1523 1768 1593 respexerit,
1820 1527 1914 1575 aut

219 1598 265 1650 si
298 1597 480 1650 Venus
518 1597 621 1649 hoc
659 1598 800 1650 idem
839 1598 1040 1666 fecerit,
1076 1598 1318 1667 exposito
1350 1599 1491 1650 vitae
1523 1597 1788 1667 praesidia
1818 1615 1914 1665 per

219 1671 382 1724 alium
422 1672 790 1740 conferuntur,
843 1671 1048 1724 scilicet
1087 1675 1147 1724 ut
1185 1673 1251 1724 ab
1290 1672 1374 1724 his
1416 1673 1672 1726 collectus
1711 1672 1910 1723 nutria-
1935 1693 1979 1724 20

218 1749 320 1798 tur.
398 1744 501 1798 Sed
542 1749 592 1797 et
633 1746 678 1797 si
717 1746 869 1798 Luna
907 1746 964 1797 in
1003 1746 1222 1798 anafora
1267 1745 1554 1814 horoscopi
1591 1746 1812 1814 (fuerit,
1859 1748 1912 1797 et

219 1838 333 1871 eam
376 1817 636 1871 Saturnus
677 1820 732 1871 in
764 1818 909 1871 VIII.
951 1821 1016 1872 ab
1057 1820 1393 1888 horoscopo>
1423 1819 1544 1874 Ioco
1586 1820 1911 1873 constitutus

219 1893 477 1945 diametra
514 1893 810 1946 radiatione
847 1893 1160 1962 respexerit,
1200 1896 1253 1946 et
1283 1893 1428 1945 Mars
1468 1897 1560 1946 aut
1596 1893 1787 1946 horam
1818 1897 1911 1945 aut

218 1967 424 2019 Lunam
472 1967 535 2020 de
584 1967 843 2035 quadrato
892 1968 1163 2035 respiciat,
1209 1986 1307 2020 nec
1353 1968 1449 2019 has
1501 1986 1684 2020 omnes
1733 1967 1913 2036 aliqua

217 2041 465 2093 benivola
511 2041 705 2094 viderit
751 2044 927 2109 stella,
985 2042 1029 2093 is
1079 2042 1171 2110 qui
1217 2045 1374 2094 natus
1422 2042 1585 2093 fuerit
1636 2042 1909 2109 expositus
1936 2062 1977 2094 2⁵

135 2114 199 2166 17
221 2115 403 2167 statim
444 2116 653 2184 peribit.
733 2115 791 2168 Si
829 2115 981 2168 Luna
1027 2115 1083 2167 in
1130 2133 1236 2167 uno
1286 2115 1440 2186 signo
1482 2133 1603 2168 cum
1647 2115 1819 2167 Marte
1860 2118 1912 2166 et

222 2187 451 2241 Saturno
491 2189 654 2241 fuerit
694 2190 933 2256 inventa,
980 2190 1055 2241 ita
1101 2193 1162 2241 ut
1208 2190 1347 2241 inter
1398 2190 1580 2241 ambos
1621 2189 1914 2241 constituta

220 2263 455 2315 medium
504 2266 684 2315 teneat
730 2263 931 2332 locum,
987 2267 1039 2315 et
1091 2265 1240 2315 nulla
1295 2282 1411 2316 eam
1461 2263 1711 2316 benivola
1758 2265 1912 2315 stella

340 2412 363 2450 3
398 2407 539 2451 fuerit
571 2408 761 2452 cardine
784 2412 863 2450 AB
986 2412 1011 2450 4
1046 2408 1089 2451 ei
1117 2409 1182 2465 Γ]
1210 2410 1256 2452 et
1280 2414 1314 2450 D
1348 2409 1490 2451 etiam
1513 2413 1552 2450 N
1675 2412 1699 2450 5
1731 2406 1911 2451 minora

225 2467 290 2524 Γ]
323 2467 371 2508 111
395 2481 524 2510 mora
548 2471 587 2508 N
621 2480 751 2510 mora
774 2472 809 2509 D
933 2472 956 2510 6
991 2467 1121 2510 Luna
1154 2468 1215 2525 Γ]
1249 2467 1298 2510 111
1323 2470 1363 2510 Δ
1489 2473 1510 2510 7
1544 2467 1686 2522 positi
1711 2468 1792 2509 aut
1819 2466 1910 2510 sibi

221 2525 448 2568 diametro
474 2528 512 2568 Δ
637 2530 662 2568 8
695 2526 745 2568 111
769 2525 886 2569 IMC.
914 2527 1014 2583 AG]
1039 2526 1089 2568 in
1113 2525 1211 2569 MC.
1237 2529 1276 2569 Δ
1310 2525 1428 2569 IMC.
1455 2530 1487 2568 B
1521 2526 1605 2584 <in
1630 2525 1727 2569 MC.
1753 2525 1835 2583 et>
1861 2525 1910 2568 in

218 2583 335 2627 IMC.
363 2602 389 2627 κ
514 2589 538 2627 9
571 2584 750 2640 positus
776 2587 814 2627 Δ
940 2590 991 2628 12
1026 2585 1092 2628 810
1116 2585 1217 2642 AG]
1243 2586 1304 2628 sit
1327 2588 1410 2628 BA
1455 2587 1460 2642 Ι
1506 2585 1661 2641 posita
1686 2599 1797 2629 corr.
1823 2600 1850 2626 a

222 2648 276 2685 15
301 2643 404 2698 ipsa
428 2643 475 2685 in
501 2644 537 2701 ζ]
565 2643 679 2699 ipsis
715 2647 721 2699 Ι
756 2643 906 2687 isdem
930 2659 1013 2688 om.
1036 2647 1075 2687 A
1113 2646 1118 2699 Ι
1153 2644 1367 2700 partibus
1392 2645 1437 2702 κ]
1464 2644 1699 2700 partiliter
1740 2646 1744 2699 Ι
1787 2644 1906 2698 part.

220 2701 333 2745 fuer.
360 2702 451 2745 inv.
479 2705 517 2745 A
545 2706 603 2757 (et
624 2704 785 2746 habuit
809 2707 843 2744 G
867 2705 946 2758 qui
969 2703 1112 2746 fuerit
1136 2730 1191 2735 —
1216 2703 1450 2759 partiliter
1475 2705 1519 2759 (l.
1548 2706 1620 2759 16)
1645 2703 1767 2760 om.)]
1793 2701 1907 2745 fuer.

219 2761 310 2804 inv.
335 2763 455 2815 part.
482 2765 560 2803 AB
593 2761 622 2804 f.
650 2777 693 2817 p.
719 2763 809 2804 inv.
835 2777 900 2804 va
1017 2767 1069 2804 16
1094 2762 1339 2819 horoscopi
1362 2766 1497 2818 parte
1519 2765 1558 2805 A
1676 2765 1728 2804 17
1755 2763 1802 2803 et
1825 2775 1907 2804 om.

224 2822 270 2862 Γ
357 2824 410 2862 19
437 2819 517 2862 vit.
541 2835 607 2875 pr.
634 2834 728 2875 per.
756 2820 814 2864 al.
841 2821 897 2878 A]
926 2820 1004 2863 vit.
1031 2834 1114 2876 per
1138 2821 1196 2863 al.
1222 2836 1290 2877 pr.
1393 2827 1445 2864 21
1474 2821 1579 2864 add.
1597 2825 1636 2862 N
1727 2824 1781 2862 22
1807 2819 1907 2862 1000

220 2893 303 2922 om.
327 2881 379 2931 Γ,
403 2885 504 2934 post
527 2882 671 2922 const.
689 2885 800 2935 pon.
826 2884 861 2921 D
901 2882 905 2934 Ι
950 2880 1230 2923 constitutus
1254 2881 1308 2937 N]
1338 2880 1593 2923 constituta
1707 2883 1761 2921 23
1786 2878 1910 2921 Mar-

220 2939 312 2979 tem
346 2942 384 2978 N
506 2942 561 2980 24
592 2938 847 2993 respexerit
871 2941 909 2981 A
954 2941 960 2994 Ι
1002 2938 1220 2982 benivola
1253 2939 1412 2993 aliqua
1435 2941 1474 2981 A
1598 2942 1653 2981 28
1686 2939 1733 2980 et
1763 2937 1804 2994 ζ]
1836 2936 1908 2980 vel
