2066 3192
869 122 934 167 VI
964 127 1006 178 2,
1030 126 1154 179 s—3‚
1179 134 1212 167 2.
1354 75 1357 78 ⁴
1813 123 1877 176 71

190 245 300 298 rint
343 244 566 314 Lunam,
612 244 669 297 in
714 243 949 297 maxima
992 242 1279 313 potestatis
1325 243 1541 297 licentia
1587 244 1882 312 constituti,

191 322 376 372 contra
422 336 605 372 omnes
651 317 893 372 homines
941 317 1223 371 effrenatae
1271 317 1580 388 cupiditatis
1621 318 1881 387 <ardore>

190 396 514 464 grassantur.

301 467 449 521 Haec
492 467 595 520 tibi
642 467 856 520 interim
913 485 979 519 ex
1030 465 1184 519 libris
1234 464 1669 538 Myriogeneseos
1718 484 1883 537 parva
1901 470 1933 522 8

146 563 167 596 5
191 542 520 613 collegimus,
556 541 649 595 sed
679 541 782 594 hoc
813 539 1079 610 explicato
1113 558 1272 609 opere
1304 540 1466 593 etiam
1497 542 1591 594 ffla
1620 542 1885 611 promissa

191 616 482 670 reddemus
537 615 697 669 Nunc
718 617 981 668 mixturas
1012 617 1288 669 stellarum
1320 632 1502 667 omnes
1527 616 1665 668 sicut
1688 617 1884 685 promi·

193 690 360 743 simus
384 691 709 759 intimamuS,
729 693 792 743 ut
811 689 958 742 omni
978 689 1335 742 mixturarum
1355 690 1743 759 temperatione
1764 708 1884 743 con-

190 764 368 834 posita
390 768 567 818 totum
593 764 848 834 quicquid
871 763 1217 833 promisimus
1242 762 1581 833 explicemus,
1620 764 1702 816 De
1728 764 1884 818 claris

191 839 332 892 enim
354 839 523 893 stellis
545 838 785 892 omnium
810 838 1087 909 signorum
1112 838 1169 890 in
1192 841 1466 907 postremo
1487 839 1626 891 libro
1649 838 1704 891 id
1725 842 1808 892 est
1830 840 1884 891 in

125 935 167 967 ιο
192 916 379 966 octavo
413 916 467 968 et
491 914 554 966 de
584 913 807 967 decretis
832 931 1013 966 earum
1040 913 1219 966 omnia
1241 912 1343 966 tibi
1368 913 1674 983 specialiter
1697 913 1884 967 dicam.

989 1074 1085 1130 HI.
1869 1095 1938 1135 soz.
1949 1088 2015 1126 ⁶7⁶
2026 1094 2066 1126 ιι

303 1181 645 1252 [Saturnus
684 1185 745 1234 et
783 1180 1081 1250 Iuppiter
1118 1181 1403 1251 trigoni]
1468 1179 1663 1234 Omnes
1703 1184 1935 1235 stellael

193 1257 238 1310 si
286 1275 343 1310 se
387 1256 653 1326 trigonica
699 1255 996 1308 radiatione
1042 1256 1400 1324 respexerint,
1454 1256 1565 1308 sive
1610 1255 1889 1310 benivolae

193 1330 304 1384 sive
350 1330 632 1384 malivolae
680 1333 880 1398 stellae,
925 1329 1196 1399 prosperis
1236 1331 1592 1383 mixturarum
1630 1334 1888 1400 tempera-

125 1405 430 1459 ustionibus
478 1407 861 1474 conparantur,
909 1407 963 1457 et
1008 1404 1383 1457 malivolarum
1428 1404 1644 1474 quidem
1684 1423 1748 1458 ex
1787 1405 1890 1458 ista

192 1479 487 1533 radiatione
533 1479 814 1550 mitigatur
858 1478 1159 1547 inprobitas
1166 1520 1181 1546 ,
1230 1478 1599 1531 benivolamm
1645 1498 1770 1532 vero
1812 1499 1889 1532 sa-

190 1554 388 1607 lutaria
418 1553 676 1607 beneficia
709 1555 1100 1606 convalescunt.
1172 1551 1231 1605 Si
1262 1553 1446 1622 itaque
1479 1552 1740 1606 Saturnus
1772 1553 1889 1607 Iovi
1906 1556 1941 1608 2

191 1628 356 1680 fuerit
393 1629 660 1698 trigonica
696 1627 995 1680 radiatione
1035 1627 1373 1695 coniunctus,
1423 1630 1478 1681 et
1522 1629 1676 1697 pigra
1713 1632 1768 1681 et
1806 1629 1891 1681 de-

193 1703 328 1755 iecta
373 1701 492 1755 loca
537 1702 787 1755 vitaverit
833 1702 938 1754 ista
984 1702 1292 1755 coniunctio
1302 1744 1316 1769 ,
1371 1702 1478 1755 sint
1527 1706 1580 1755 et
1628 1702 1786 1756 ambo
1834 1703 1889 1756 in

127 1797 170 1830 20
195 1777 279 1830 his
319 1778 375 1829 in
414 1776 611 1846 quibus
651 1775 887 1847 gaudent
918 1775 1102 1846 signis,
1140 1777 1226 1829 vel
1255 1794 1395 1828 unus
1427 1794 1610 1829 eorum
1642 1776 1697 1829 in
1729 1776 1888 1830 domo

193 1869 288 1903 sua
349 1851 672 1904 constitutus
735 1851 899 1903 alium
953 1849 1219 1920 trigonica
1271 1850 1569 1903 radiatione
1621 1851 1890 1921 respiciat,

315 1983 427 2028 Cum
465 1983 693 2040 capitibus
732 1982 985 2026 III—XX
990 1981 1097 2027 VII
1126 1983 1299 2028 maiore
1336 1996 1392 2028 ex
1422 1989 1559 2040 parte
1605 1985 1891 2028 consentiunt

192 2042 329 2087 verba
352 2042 602 2100 Anomymi
632 2042 686 2086 de
709 2043 913 2098 planetis
943 2055 1059 2098 quae
1081 2056 1136 2086 ex
1167 2042 1317 2086 codice
1343 2042 1592 2087 Marciano
1615 2043 1777 2087 Veneto
1802 2046 1890 2087 334

196 2102 408 2146 Krollius
454 2102 505 2143 in
547 2101 758 2159 Cataloqi
796 2102 1001 2146 codicum
1040 2103 1368 2159 astrologorum
1403 2103 1514 2145 tomi
1543 2103 1608 2146 II
1633 2103 1892 2156 (Bruxellis

196 2165 335 2216 1900)
355 2164 666 2217 p.159—180
690 2161 847 2215 edidit,
878 2161 959 2204 ubi
982 2160 1102 2204 idem
1125 2161 1179 2205 de
1201 2162 1379 2205 ratione
1410 2175 1526 2216 quae
1556 2166 1620 2205 est
1650 2162 1769 2206 iuter
1790 2163 1888 2206 A‘n-

193 2234 407 2278 onymum
440 2225 480 2264 et
512 2221 767 2264 Fir-micum
799 2221 900 2278 eqit.
966 2218 1032 2273 Cf.
1068 2221 1109 2263 I.
1143 2221 1283 2278 Heeq,
1316 2221 1474 2265 Herm.
1502 2224 1577 2274 45,
1602 2233 1688 2274 315,
1733 2223 1813 2277 qui
1851 2227 1892 2265 et

195 2281 490 2337 Anonymum
520 2284 562 2322 et
590 2279 848 2323 Firmicum
879 2293 935 2323 ex
958 2280 1186 2323 Dorotheo
1211 2280 1402 2324 Sidonio
1433 2281 1638 2324 hausisse
1665 2281 1888 2336 probavit.

196 2340 341 2383 Locos
364 2339 615 2396 parallelos
645 2340 697 2382 in
727 2340 813 2382 hac
841 2339 1071 2395 superiore
1102 2345 1360 2395 apparatus
1382 2344 1519 2396 parte
1548 2340 1867 2384 adscribemus.

316 2462 341 2499 2
374 2458 481 2501 add.
507 2460 531 2509 ζ
566 2457 624 2511 cf.
658 2458 711 2502 de
749 2471 834 2502 err.
860 2461 934 2511 19,
958 2470 1014 2500 23.
1054 2461 1129 2511 28,
1153 2470 1199 2500 22
1236 2471 1338 2502 eum
1379 2459 1515 2503 uotis.
1555 2457 1708 2503 furore
1740 2475 1768 2501 a
1808 2458 1891 2515 (ef-

197 2516 381 2560 frenata
413 2516 673 2572 cupiditate
704 2518 758 2572 A)
895 2521 922 2558 4
956 2530 1010 2560 ex
1040 2519 1098 2573 N]
1130 2516 1181 2560 in
1315 2522 1342 2560 4
1374 2518 1536 2576 parva]
1568 2531 1721 2574 pauca
1752 2521 1777 2570 ζ

199 2581 223 2619 6
255 2575 495 2619 reddimus
527 2589 640 2621 corr.
666 2577 690 2628 ζ
802 2580 827 2618 9
861 2577 935 2620 lib.
964 2577 1095 2620 VIII
1118 2591 1218 2632 cap.
1244 2577 1315 2620 VI
1334 2591 1425 2633 sqq.
1542 2582 1596 2620 12
1630 2577 1698 2622 De
1729 2592 1892 2634 aspec-

196 2635 324 2679 tibus
357 2634 599 2678 stellarum
631 2634 746 2691 quid
777 2635 1010 2691 significet
1041 2636 1261 2680 adscribit
1282 2640 1335 2690 11,
1367 2637 1529 2680 deiude
1561 2637 1590 2680 l.
1617 2640 1698 2680 17:
1728 2636 1891 2693 Trigo-

197 2709 309 2737 num
334 2693 525 2737 Saturni
556 2709 659 2738 cum
684 2694 793 2739 Iove
816 2695 1108 2750 similiterque
1130 2696 1287 2739 ceteris
1309 2698 1512 2752 capitum
1536 2696 1787 2740 III—XX
1797 2697 1898 2740 VII

199 2755 320 2807 locis,
360 2755 523 2810 quibus
561 2767 645 2798 nos
676 2754 885 2798 lemmata
917 2769 947 2798 a
977 2754 1206 2798 codicibus
1243 2755 1402 2811 stirpis
1438 2757 1483 2798 Γ
1517 2755 1718 2799 exhibita
1758 2755 1891 2799 addi—

198 2813 350 2856 dimus
412 2817 466 2855 14
492 2811 655 2856 stellae
681 2813 775 2856 sive
799 2811 1045 2856 malivolae
1063 2815 1102 2856 Δ
1132 2815 1138 2870 Ι
1166 2813 1410 2857 benivolae
1435 2813 1604 2873 (sint)
1629 2830 1655 2857 a
1691 2817 1696 2871 Ι
1726 2813 1890 2858 stellae

199 2872 280 2915 del.
308 2887 335 2914 a
363 2874 368 2927 Ι
398 2871 752 2930 (horoscopus)
784 2872 1018 2928 prosperis
1155 2875 1437 2928 conparatur
1469 2887 1494 2916 σ
1587 2877 1640 2916 19
1673 2874 1891 2917 vitaverit

198 2930 275 2988 1³²]
308 2930 546 2974 vitiaverit
576 2933 623 2975 Γ
648 2930 892 2974 intraverit
915 2933 954 2975 Δ
1079 2935 1134 2975 20
1166 2931 1240 2974 his
1277 2933 1342 2990 Γ]
1375 2932 1491 2989 ipsis
1516 2934 1555 2976 Δ
