2100 3186
764 84 825 129 VI
857 90 928 141 32,
952 90 1128 141 ⁵8-33‚
1153 98 1186 131 a,
1701 39 1823 137 Δ191

132 205 190 260 Si
245 206 610 262 accusationes
665 205 982 275 decreverit,
1034 209 1164 259 tunc
1216 205 1557 258 inimicorum
1605 205 1827 257 suscitat

131 281 329 334 turbas.
408 279 466 333 Si
520 279 880 350 aegritudines
931 279 1244 348 decreverit,
1298 281 1428 332 tunc
1480 278 1675 332 vitium
1730 278 1826 330 mi-

131 373 279 408 serae
328 354 646 408 calamitatis
693 353 904 424 infligit.
983 351 1040 405 Si
1089 353 1282 406 damna
1328 353 1641 421 decreverit,
1695 355 1824 406 tunc

129 429 513 499 patrimonium
567 427 729 480 variis
781 427 1195 482 lacerationibus
1251 426 1471 496 quatiet.
1554 425 1612 480 Si
1665 444 1792 479 vero
1811 442 1878 482 soz.
1887 437 2007 484 85311

85 526 105 559 5
130 503 265 556 bene
309 503 474 556 fuerit
519 503 833 569 collocatus,
883 503 936 553 et
982 518 1302 570 prosperum
1341 499 1546 570 aliquid
1583 500 1638 552 in
1678 500 1824 571 geni-

130 580 253 629 tura
306 577 573 645 decernat,
635 575 964 628 condicionis
1027 593 1151 628 suae
1214 578 1427 628 secutus
1487 577 1824 644 potestatem,

129 654 259 704 tunc
308 650 484 703 reddit
534 648 789 718 quicquid
843 652 967 702 ante
1018 650 1360 718 promiserat,
1412 649 1728 718 praesertim
1779 649 1824 702 si

131 725 408 795 geniturae
448 723 723 776 dominum
763 722 899 776 bene
940 725 1262 776 collocatum
1292 722 1503 792 habeat,
1543 726 1596 776 et
1636 723 1708 776 sit
1747 723 1823 776 di-

128 818 264 852 urna
300 799 560 870 genitura.

63 898 106 930 10
243 871 300 925 Si
333 871 593 926 Saturnus
625 874 929 940 temporum
962 870 1211 924 dominus
1242 870 1407 924 fuerit
1439 872 1674 942 effectm,
1708 869 1878 924 Iovi4

130 964 195 999 ex
231 950 474 1016 tempore
514 963 610 998 suo
649 944 754 998 XII
791 962 997 998 menses
1037 945 1273 1015 deputat.
1352 944 1409 998 Si
1456 946 1638 1014 itaque
1684 945 1823 998 male

129 1021 200 1073 sit
253 1022 309 1073 in
364 1019 610 1090 genitura
665 1018 741 1089 [a]
798 1019 1060 1072 Saturnus
1113 1020 1337 1088 positus,
1394 1022 1447 1072 et
1499 1037 1595 1090 per
1646 1019 1823 1089 ipsum

129 1097 222 1148 aut
269 1095 567 1164 periculum
615 1097 708 1146 aut
754 1093 1033 1163 aegritudo
1081 1096 1175 1146 aut
1221 1094 1474 1147 damnum
1520 1096 1614 1147 aut
1659 1094 1824 1147 infor-

128 1170 342 1222 tunium
382 1169 654 1222 decretum
692 1168 877 1236 fuerit,
925 1171 1052 1221 tunc
1102 1186 1287 1221 omnes
1326 1169 1687 1236 periculorum
1726 1169 1823 1220 mi-

62 1267 105 1300 15
127 1261 226 1296 nae
259 1243 507 1296 salutaris
541 1242 626 1294 dei
656 1242 1017 1310 potestatibus
1049 1241 1377 1312 mitigantur.
1441 1241 1500 1296 Si
1530 1260 1656 1296 vero
1687 1242 1823 1295 bene

130 1317 456 1370 constitutus
495 1316 553 1369 in
592 1316 839 1387 genitura
875 1314 994 1368 Iovi
1033 1316 1323 1369 decreverit
1361 1319 1619 1386 tempora,
1657 1317 1824 1370 maxi-

128 1410 245 1444 mae
283 1389 557 1444 felicitatis
597 1390 924 1443 incrementa
953 1389 1196 1461 largitur,
1233 1392 1550 1460 praesertim
1583 1390 1629 1442 si
1659 1391 1824 1443 fuerit

130 1466 320 1518 diurna
366 1465 627 1536 genitura,
675 1468 728 1516 et
774 1465 830 1516 in
877 1464 1034 1516 bonis
1083 1465 1251 1535 signis
1291 1466 1376 1517 vel
1414 1465 1470 1517 in
1509 1465 1667 1518 bonis
1705 1484 1822 1534 par-

126 1539 274 1593 tibus
311 1540 521 1610 positus
559 1537 677 1591 Iovi
715 1538 980 1608 trigonica
1018 1538 1314 1591 radiatione
1353 1540 1621 1610 iungatur.

62 1639 105 1671 20
243 1613 299 1667 Si
341 1613 602 1666 Saturnus
642 1616 947 1681 temporum
987 1612 1234 1665 dominus
1275 1613 1496 1666 effectus
1534 1612 1698 1666 Marti
1737 1613 1873 1667 cle-5

129 1689 398 1757 putaverit
449 1690 716 1757 tempora,
772 1686 993 1756 deputat
1040 1687 1255 1755 quidem
1304 1686 1404 1757 [et]
1453 1706 1518 1740 ex
1566 1687 1819 1741 decennio

129 1780 224 1814 suo
275 1780 483 1815 menses
530 1761 647 1814 XV.
728 1759 833 1814 Sed
888 1779 1009 1814 cum
1062 1760 1207 1814 Mars
1264 1761 1577 1830 deputatum
1633 1761 1735 1814 sibi
1791 1781 1822 1815 a

129 1834 360 1889 Saturno
411 1839 622 1905 tempus
672 1835 957 1904 acceperit,
1011 1835 1158 1888 omni
1210 1836 1415 1888 malitia
1469 1836 1644 1904 sopita
1692 1836 1821 1889 laeti

129 1911 364 1963 decernit
409 1909 667 1979 temporis
714 1909 992 1980 gaudium3
1042 1910 1269 1963 invicem
1317 1928 1372 1962 se
1411 1910 1554 1962 enim
1594 1928 1658 1963 ex
1700 1928 1820 1963 con-

60 2008 103 2042 25
128 1986 304 2037 trariis
343 1984 700 2053 potestatibus
738 1983 1007 2054 mitigant.

241 2057 299 2111 Si
340 2057 600 2111 Saturnus
639 2061 943 2126 temporum
983 2057 1231 2111 dominus
1270 2058 1433 2111 fuerit
1471 2058 1688 2110 effectus
1698 2100 1712 2127 ,
1755 2075 1819 2110 ex
1838 2057 1870 2110 6

129 2132 384 2186 decennio
433 2151 529 2185 suo
578 2132 799 2200 deputat
839 2130 953 2183 Soli
995 2150 1202 2184 menses
1242 2130 1384 2184 XIX.
1465 2131 1598 2184 Cum
1637 2132 1820 2200 itaque

130 2205 223 2259 Sol
256 2207 570 2275 deputatum
603 2206 706 2258 sibi
738 2225 769 2258 a
802 2203 1032 2258 Saturno
1066 2209 1276 2274 tempus
1316 2206 1594 2275 acceperit,
1633 2223 1818 2259 causas

128 2281 364 2334 concitat
395 2284 448 2333 et
479 2280 777 2350 iurgiorum
810 2279 1142 2331 contentiosa
1174 2280 1478 2333 certamina.
1537 2278 1641 2332 Sed
1672 2281 1819 2348 ipsae

246 2415 273 2453 4
306 2410 488 2466 quatiet
518 2410 611 2469 Ην]
645 2409 799 2466 quatit
934 2414 959 2452 5
994 2409 1175 2466 aliquid
1206 2411 1310 2469 NA]
1345 2410 1538 2466 aliquod
1682 2415 1706 2453 6
1741 2411 1818 2455 de-

127 2472 289 2515 cernat
319 2470 368 2512 in
399 2469 617 2527 genitura
647 2471 687 2513 A
738 2470 745 2523 Ι
795 2469 1102 2514 condictionis
1135 2474 1170 2512 G
1202 2468 1554 2514 condonationis
1586 2484 1699 2514 corr.
1732 2487 1758 2513 κ

128 2534 154 2573 8
187 2529 427 2572 dominum
452 2529 592 2588 Bon]
619 2528 875 2572 dominium
900 2527 951 2571 A'
985 2529 1198 2573 dominus
1223 2534 1262 2571 N
1297 2531 1302 2585 Ι
1339 2529 1619 2572 collocatum
1643 2529 1819 2572 habeat

127 2590 208 2646 κσ]
242 2587 497 2632 collocatus
520 2588 662 2631 beata
689 2590 736 2632 Γ
762 2587 1015 2631 collocatus
1041 2590 1080 2631 Δ
1205 2593 1256 2632 11
1294 2589 1491 2644 deputat
1521 2602 1702 2632 menses
1730 2603 1759 2630 v

129 2653 183 2691 12
207 2648 257 2690 in
281 2662 364 2692 om.
383 2650 423 2691 Δ
453 2650 459 2704 Ι
488 2661 515 2690 a
533 2646 730 2690 Saturno
756 2648 839 2692 del.
864 2653 905 2691 et
927 2661 1040 2692 corr.
1066 2661 1129 2690 κσ
1157 2649 1163 2702 Ι
1189 2647 1346 2703 posita
1370 2650 1410 2690 Δ
1501 2653 1552 2691 13
1579 2650 1661 2691 aut
1676 2649 1818 2703 prim.

127 2721 211 2751 om.
237 2710 276 2750 A
386 2711 439 2750 15
465 2705 747 2749 salutaribus
773 2708 811 2749 A
921 2711 975 2750 16
1002 2706 1256 2750 decreverit
1301 2706 1510 2750 diviserit
1534 2724 1560 2750 κ
1669 2710 1722 2748 17
1748 2706 1817 2749 in-

127 2765 371 2809 felicitatis
396 2769 435 2809 A
562 2769 614 2809 18
647 2765 697 2808 in
722 2765 890 2808 diurna
914 2767 953 2808 A
1077 2771 1131 2809 21
1166 2766 1246 2821 qui
1284 2765 1375 2823 em]
1401 2765 1551 2809 eidem
1577 2783 1603 2808 κ
1633 2766 1637 2819 Ι
1666 2766 1748 2809 del.
1776 2768 1816 2808 A

188 2830 243 2868 24
274 2824 497 2881 temporis
530 2824 738 2868 decernit
768 2826 807 2867 A
938 2829 993 2867 26
1027 2823 1216 2868 effectus
1249 2839 1332 2868 om.
1366 2827 1405 2867 A
1529 2829 1584 2867 28
1618 2824 1817 2880 deputa-

128 2884 203 2927 tus
237 2883 462 2927 Saturnus
496 2883 585 2926 sibi
617 2886 656 2927 A
791 2887 845 2926 29
879 2883 1134 2940 iurgiorum
1167 2884 1206 2941 ζ]
1238 2883 1391 2940 iurgio
1417 2886 1494 2925 AB
1527 2883 1668 2939 iurgii
1693 2886 1818 2926 AGv
