2066 3192
213 155 285 208 52
943 152 1172 198 FIRMIGI

157 276 189 329 8
207 276 404 329 Verum
460 294 577 328 cum
629 277 731 328 hoc
781 279 994 345 tempus
1044 275 1208 326 fuerit
1259 292 1548 342 emensum,
1597 278 1726 327 tunc
1763 275 1902 328 noti-

207 351 353 420 tiam,
385 353 515 403 tunc
545 349 822 402 habebunt
854 349 1091 402 subsidia
1121 349 1453 401 facultatum.
1523 348 1815 402 Habebunt
1850 352 1903 402 et

207 426 261 477 in
308 425 484 493 primo
533 427 773 492 tempore
820 441 942 476 cum
989 423 1247 476 uxoribus
1295 423 1665 492 dissensione8‚
1715 426 1903 492 postea

207 516 464 568 prospera
502 498 845 550 matrimonia
883 497 1256 567 possidebunt,
1302 517 1421 546 *κε*
1462 497 1519 549 111
1556 497 1787 566 publicis
1825 497 1901 550 lo-

208 573 282 626 cis
331 576 383 625 et
429 590 494 624 ex
541 572 625 625 his
674 573 939 640 accipient
983 571 1258 624 felicitatis
1304 571 1550 642 insignia.
1630 571 1735 624 Sed
1772 571 1903 626 haec
1949 589 1969 622 5

206 665 304 716 pro
344 665 592 699 mensura
631 647 906 716 geniturae
955 646 1313 699 decernuntur
1362 649 1415 698 et
1460 664 1558 714 pro
1607 649 1900 699 ceterarum

176 728 179 731 ’
208 723 482 774 stellarum
522 721 773 773 mixturis
813 738 873 772 ac
911 719 1298 773 radiationibus
1308 762 1322 788 ,
1367 720 1510 788 quod
1547 723 1600 773 te
1639 721 1695 772 in
1735 721 1902 772 omni-

205 795 304 848 bus
343 794 676 866 (genituris)
715 812 926 847 servare
965 798 1018 847 et
1055 794 1362 848 meminisse
1401 794 1692 847 conveniet.

48 884 223 923 fot-⁶4r1
357 869 670 938 [luppiter
708 870 771 922 in
813 868 1089 937 Cancro]
1132 866 1445 937 Quicunque
1483 870 1541 921 in
1579 866 1781 922 Cancro
1820 866 1903 921 Io-

155 943 188 995 9
207 962 325 997 vem
365 943 662 1012 habuerint,
702 946 857 996 erunt
895 943 1196 1012 potentium
1237 943 1394 996 amici
1434 945 1487 995 et
1518 961 1636 996 cum
1668 942 1753 996 his
1785 962 1898 996 ver·
1921 962 1965 995 ιο

208 1018 482 1086 sabuntur‚
532 1021 734 1070 secreta
780 1033 964 1068 eorum
1010 1016 1156 1069 fideli
1201 1017 1568 1069 taciturnitate
1617 1020 1902 1086 servanteS‚

209 1097 260 1145 et
315 1111 435 1145 cum
488 1095 733 1160 tempora
788 1109 971 1143 eorum
1026 1091 1300 1159 possidere
1355 1092 1591 1160 coeperit
1644 1091 1901 1163 Iuppiter,

206 1170 338 1219 tunc
383 1166 492 1219 illis
539 1166 862 1235 patrimonia
907 1169 1036 1218 tunc
1081 1167 1311 1218 honores
1358 1169 1487 1218 tunc
1533 1165 1736 1236 gloriae
1779 1184 1900 1220 con-

207 1241 452 1294 feruntur
488 1241 734 1309 insignia.
807 1239 909 1292 Sed
950 1258 1243 1309 numquam
1278 1240 1387 1293 illis
1418 1259 1515 1292 nec
1544 1241 1771 1294 felicitas
1802 1259 1901 1294 nec

206 1315 338 1368 fides
392 1314 662 1367 amicitiae
716 1318 1037 1384 perseverat,
1092 1314 1184 1366 sed
1237 1317 1394 1367 erunt
1446 1313 1752 1384 frequenter
1806 1316 1900 1368 hu·
1924 1332 1967 1366 15

206 1389 374 1456 miles,
413 1393 540 1441 tunc
581 1389 921 1458 peculiariter
959 1407 1079 1441 cum
1114 1384 1723 1458 Saturnus’principalia
1753 1389 1900 1460 geni-

205 1466 357 1516 turae
396 1463 514 1516 loca
552 1463 715 1515 fuerit
753 1464 1041 1533 ingreSSUS‚
1087 1463 1173 1515 vel
1213 1481 1332 1515 cum
1374 1463 1440 1515 ad
1477 1462 1776 1532 Aquarium
1815 1464 1901 1516 vel

206 1537 443 1590 Piscium
469 1538 674 1590 venerit
700 1537 926 1608 signum.
979 1536 1129 1589 Tunc
1153 1538 1509 1590 maximorum
1534 1538 1899 1590 discriminum

208 1611 615 1666 difficultatibus
656 1613 1004 1681 inplicantur,
1049 1614 1178 1664 tunc
1226 1611 1460 1679 pericula
1515 1615 1643 1665 tunc
1697 1612 1901 1681 turbae,

206 1690 334 1739 tunc
374 1686 565 1738 damna
605 1690 733 1739 tunc
773 1685 1134 1756 aegritudines
1174 1686 1332 1754 fiunt,
1379 1689 1508 1738 tunc
1555 1704 1675 1738 cum
1713 1690 1898 1755 poten·
1923 1704 1966 1736 20

206 1761 350 1812 tibus
397 1761 526 1813 viris
574 1763 666 1813 aut
714 1779 834 1813 cum
882 1759 1134 1812 affinibus
1183 1760 1501 1827 simultateS,
1555 1764 1683 1812 tunc
1736 1760 1898 1813 falsas

207 1834 571 1888 accusationes
634 1837 687 1886 et
747 1833 950 1903 publici
1006 1834 1263 1886 sermonis
1318 1834 1573 1887 invidiam
1629 1834 1897 1887 subibunt.

124 1907 191 1959 10
210 1907 312 1961 Sed
359 1908 491 1961 haec
537 1912 667 1962 tunc
711 1909 1027 1977 mitigantur
1075 1926 1196 1960 cum
1244 1907 1504 1960 Saturnus
1560 1912 1613 1961 et
1657 1907 1900 1978 Iuppiter

206 1982 262 2035 in
303 1983 575 2051 quadratis
613 1982 773 2035 huius
814 1982 954 2052 signi
986 1982 1243 2035 lateribus
1275 1982 1476 2035 fuerint
1507 1983 1723 2036 inventi.
1795 1981 1899 2036 Sed

209 2074 329 2109 cum
378 2056 637 2110 Saturnus
685 2057 750 2108 ad
796 2057 898 2109 hoc
953 2057 1093 2109 idem
1140 2055 1343 2109 venerit
1397 2057 1609 2126 signum
1657 2060 1710 2109 et
1755 2055 1896 2110 Iovis
1922 2075 1964 2107 2⁵

209 2149 264 2183 se
310 2131 656 2200 applicaverit
704 2133 902 2198 stellae,
950 2130 1220 2182 infinitum
1266 2131 1518 2199 proderit,
1558 2132 1678 2199 plus
1719 2134 1898 2184 tamen

208 2222 328 2257 cum
377 2206 443 2257 ad
490 2206 703 2275 signum
741 2204 936 2257 Leonis
982 2205 1270 2257 transitum
1315 2205 1516 2257 fecerit.
1593 2204 1734 2257 Nam
1778 2223 1897 2258 cum

208 2280 263 2331 in
287 2279 463 2332 Leone
496 2283 735 2347 tempora
767 2279 1024 2331 secundae
1057 2278 1303 2331 stationis
1336 2278 1629 2347 intraverit,
1661 2279 1898 2333 decernit

328 2385 352 2422 2
387 2381 450 2437 et]
486 2380 628 2423 etiam
660 2385 684 2433 ζ
800 2386 828 2424 4
861 2380 1030 2424 eoecidz't
1059 2379 1345 2423 habitabunt
1374 2397 1402 2423 κ
1429 2382 1435 2435 Ι
1472 2382 1518 2423 et
1548 2380 1597 2423 in
1629 2382 1668 2423 Δ
1791 2385 1816 2423 5
1850 2381 1898 2425 et

209 2453 264 2483 ex
294 2438 367 2482 his
396 2440 461 2496 Γ]
496 2453 551 2482 ex
582 2439 654 2482 his
686 2444 725 2481 N
758 2441 804 2483 et
835 2439 907 2482 his
938 2444 973 2481 D
1084 2443 1106 2481 7
1139 2439 1341 2482 mixtura
1366 2442 1405 2482 A
1435 2442 1440 2495 Ι
1470 2453 1524 2482 ac
1554 2439 1896 2482 radiationibus

209 2498 286 2556 κζ]
313 2498 642 2542 sacratioribus
669 2498 723 2554 (&
747 2497 1009 2542 rationibus
1031 2497 1466 2553 radiationibusque
1491 2501 1534 2554 a)
1641 2503 1667 2542 8
1701 2499 1806 2542 add.
1835 2512 1859 2541 σ
1888 2499 1891 2557 l

210 2557 425 2601 convenit
456 2560 544 2601 AA
665 2562 689 2600 9
732 2559 891 2602 lemma
922 2571 1005 2601 om.
1033 2561 1071 2600 Δ
1110 2558 1115 2614 Ι
1150 2557 1302 2601 Iovem
1341 2557 1390 2600 in
1424 2556 1599 2600 Cancro
1632 2557 1899 2612 quicunque·

209 2616 459 2659 habuerint
491 2619 530 2659 Δ
715 2621 767 2660 13
799 2615 872 2660 1111
907 2618 953 2659 Γ
1002 2616 1297 2660 conferantur
1330 2619 1368 2660 Δ
1513 2621 1565 2660 16
1598 2616 1897 2674 peculiariter

211 2690 314 2719 cum
339 2676 394 2733 A]
426 2675 612 2731 peculia
643 2677 828 2733 tergum
863 2677 868 2731 Ι
912 2675 1137 2719 Saturnus
1163 2691 1245 2720 om.
1265 2677 1303 2718 A
1451 2680 1502 2719 17
1529 2676 1670 2718 fuerit
1686 2676 1748 2732 A]
1775 2689 1899 2732 quae·

212 2734 300 2777 erit
326 2736 397 2791 ΓΙ
427 2734 621 2789 Aquarii
649 2753 675 2778 κ
703 2738 708 2790 Ι
737 2735 812 2778 vel
845 2735 904 2790 Δ]
939 2735 986 2776 et
1021 2738 1066 2778 Γ
1184 2739 1236 2778 18
1269 2734 1444 2789 piscem
1476 2737 1515 2778 A
1553 2737 1557 2790 Ι
1595 2734 1778 2790 signum
1809 2749 1893 2779 om.

210 2795 250 2836 A
280 2794 284 2850 Ι
313 2793 527 2836 maximis
559 2798 596 2836 A
627 2794 880 2850 maximum
913 2796 986 2834 Bo
1132 2799 1186 2837 22
1222 2793 1446 2836 subibunt
1474 2795 1539 2850 Γ]
1574 2794 1644 2837 8111
1675 2794 1837 2836 vivunt
1859 2799 1899 2836 D·

212 2852 300 2894 sibi
332 2852 493 2895 vivunt
523 2858 562 2894 N
713 2858 765 2896 23
799 2855 911 2896 tunc
948 2854 1012 2908 Γ]
1044 2854 1202 2896 tamen
1234 2855 1273 2896 A
1318 2854 1323 2908 Ι
1368 2854 1414 2895 et
1446 2866 1549 2895 cum
1581 2853 1678 2908 Iup.
1706 2855 1745 2895 A

212 2916 267 2953 24
299 2912 515 2966 quadrati
547 2915 587 2955 A
710 2917 764 2955 26
799 2911 1080 2968 applicuerit
1111 2915 1197 2955 AG
1240 2914 1246 2968 Ι
1287 2911 1519 2954 infinitum
1553 2913 1607 2969 D]
1646 2912 1695 2954 in
1734 2911 1895 2954 finium

212 2973 289 3012 AO
337 2970 479 3013 etiam
518 2970 677 3013 finium
711 2975 787 3012 BG
822 2971 887 3027 (in
919 2969 1150 3013 infinitum
1182 2973 1237 3026 N)
