2038 3162
812 109 1170 157 PRAEFATIO.
1774 111 1837 156 XI

148 258 217 306 30
236 272 278 305 ιι
302 253 505 304 Catonis
529 247 777 321 (cathenis
801 246 940 320 Esc.)
965 253 1180 302 armavit
1201 253 1255 300 in
1279 268 1422 301 suam
1444 268 1614 301 necem
1690 270 1733 303 28
1755 269 1837 315 pe-

144 330 372 378 titionem
434 346 476 378 2¹1
500 329 775 378 offeruntur
839 330 904 377 31
925 346 947 378 ε
970 327 1286 376 consentiunt
1306 329 1449 389 parte
1510 344 1554 377 10
1577 323 1837 392 coniungi]

144 407 194 452 et
223 404 366 467 iungi
395 404 534 452 Mon.
569 402 774 466 adiungi
804 402 919 451 Esc.
1034 419 1077 452 11
1107 396 1379 466 procreati]
1412 401 1600 450 conditi
1704 418 1747 451 15
1778 404 1839 450 ut

143 480 194 526 et
223 493 312 526 nos
338 479 389 525 et
412 492 583 526 omnes
609 471 907 542 animantes]
937 478 995 525 ut
1019 491 1186 525 omnes
1211 478 1262 524 et
1283 490 1374 524 nos
1399 476 1675 524 animantes
1697 477 1838 524 Mon.

140 554 198 600 ut
229 567 398 601 omnes
431 553 710 601 animantes
743 553 793 599 et
823 566 912 600 nos
943 552 1057 599 Esc.
1157 567 1199 600 ει
1231 549 1427 599 suaderi
1527 566 1570 600 2⁶
1603 552 1754 615 auget
1784 552 1837 598 in

139 621 435 692 maioribus]
467 625 519 674 in
551 626 825 675 maioribus
858 627 1010 690 auget
1032 626 1171 673 Mon.
1197 626 1350 689 auget
1372 639 1460 672 om.
1486 625 1598 672 Esc.
1676 641 1719 675 ετ
1751 641 1836 687 po-

140 702 262 750 sitos
287 716 392 750 esse
471 701 538 749 32
558 718 577 750 ἰ
602 716 632 748 a
656 715 744 749 om.
823 716 866 749 18
890 699 1150 748 cunabulis
1222 716 1265 749 19
1288 696 1432 762 puer]
1460 699 1643 762 puerili
1667 693 1839 766 (rectel

139 776 198 836 cf.
226 767 367 842 add.)
446 792 489 824 80
519 770 645 840 iam]
672 774 824 822 etiam
902 775 969 823 33
988 792 1009 824 9
1032 773 1373 837 praecedentis
1398 766 1478 840 (=
1494 767 1570 839 N)
1648 791 1692 823 14
1720 773 1837 822 fluc-

138 850 372 912 tibusque
453 867 495 899 19
527 850 627 898 cito
712 867 755 900 23
788 851 946 898 morte
1033 850 1101 898 34
1121 866 1139 898 1
1171 847 1560 897 conversationis
1592 850 1838 897 rationem

139 941 180 974 12
218 918 391 988 istius]
431 924 580 972 huius
673 939 715 973 ιε
754 925 804 971 et
842 925 1005 972 totum
1095 940 1137 972 19
1177 938 1351 971 causas
1389 923 1601 984 requirit
1640 916 1722 988 (=
1745 916 1838 989 N).

140 998 476 1046 Sustinuimus
507 998 684 1046 harum
708 997 927 1046 sordium
952 998 1046 1045 hoc
1069 997 1270 1060 quidem
1292 997 1402 1046 loco
1427 998 1674 1060 specimen
1696 1013 1838 1060 prae-

138 1074 269 1134 bere,
301 1088 363 1121 ne
395 1072 507 1135 quis
533 1071 827 1120 Sittelianae
859 1071 1092 1121 editionis
1125 1071 1286 1120 adhuc
1307 1073 1515 1135 ignarus
1540 1074 1723 1120 temere
1747 1087 1836 1120 nos

138 1147 482 1197 Monacensem
521 1147 723 1209 eiusque
768 1148 980 1195 asseclas
1024 1146 1269 1209 supplicio
1313 1146 1532 1195 affecisse
1575 1146 1835 1196 existimet.

139 1221 237 1270 Sed
270 1221 392 1270 satis
426 1237 689 1284 superque.
745 1220 940 1286 Agmen
978 1220 1216 1270 claudant
1252 1220 1352 1270 duo
1392 1220 1583 1270 codices
1614 1220 1836 1284 Anglici:

211 1308 279 1352 11.
321 1306 782 1362 Cantabrigensis
822 1303 965 1351 2105
1007 1296 1125 1365 (Kk.
1150 1302 1236 1351 VI.
1272 1295 1365 1368 25)
1405 1302 1608 1350 membr.
1649 1305 1699 1351 in
1742 1306 1834 1351 oct.

137 1378 240 1425 foll.
271 1379 373 1426 107
408 1393 640 1427 versuum
674 1378 745 1425 40
785 1391 908 1426 saec.
934 1376 1069 1425 XIII.
1111 1370 1427 1440 (University
1464 1377 1655 1440 library
1695 1376 1835 1425 Cam-

138 1452 326 1515 bridge,
359 1450 630 1516 Catalogue
664 1451 722 1500 of
738 1453 1074 1514 manuscripts
1098 1451 1176 1500 III
1207 1468 1253 1514 p.
1283 1444 1413 1518 722)
1445 1453 1499 1499 in
1530 1451 1633 1500 foll.
1655 1453 1833 1500 1—52

137 1526 340 1574 Firmici
354 1526 507 1575 libros
522 1525 736 1575 II.—IV.
749 1525 953 1574 mutilos
968 1521 1061 1591 (43
1081 1527 1291 1576 ενι-266
1312 1543 1354 1575 28
1377 1525 1564 1575 tabulis
1585 1523 1652 1588 ἓξ
1669 1527 1832 1575 8--15

136 1602 190 1648 in
222 1601 567 1664 compendium
593 1601 623 1648 8
650 1615 882 1649 versuum
908 1593 1148 1666 redactis)
1181 1600 1422 1662 continet3
1455 1601 1516 1649 cf.
1543 1600 1663 1648 Sittl
1686 1617 1733 1663 p.
1750 1600 1834 1648 DL

138 1674 360 1739 Rogatus
409 1691 439 1723 a
482 1675 625 1723 nobis
663 1691 710 1723 v.
744 1675 787 1722 d.
820 1675 866 1723 J.
899 1675 955 1722 E.
991 1673 1184 1737 Sandys
1230 1676 1511 1723 examinato
1551 1674 1717 1723 codice
1755 1675 1835 1723 be-

53 1760 67 1775 ·
137 1750 287 1812 nigne
317 1750 573 1812 rescripsit
604 1748 876 1798 desiderari
905 1749 958 1796 in
990 1765 1047 1797 eo
1080 1748 1474 1797 additamentum
1506 1750 1835 1798 recentiorum

138 1840 184 1885 p.
211 1825 280 1872 49
301 1825 490 1873 15-53
506 1842 550 1873 14
578 1826 627 1872 et
649 1823 859 1887 paginas
884 1822 1081 1885 aliquot
1103 1823 1156 1871 in
1179 1839 1326 1871 usum
1350 1826 1575 1872 nostrum
1607 1824 1834 1882 contulit,

138 1913 195 1944 ex
228 1897 406 1960 quibus
437 1898 773 1947 intelleximus
807 1896 1248 1961 Cantabrigensem
1279 1914 1457 1946 vacare
1489 1898 1691 1960 quidem
1722 1915 1832 1960 pro-

137 1973 288 2020 tervis
326 1972 795 2034 interpolationibus
835 1973 1029 2036 generis
1071 1973 1198 2032 eius,
1238 1974 1377 2021 cuius
1417 1972 1517 2020 dux
1557 1975 1633 2021 est
1662 1972 1834 2021 Mona-

136 2045 308 2105 censis,
332 2046 418 2094 sed
442 2048 543 2095 suis
567 2046 758 2095 mendis
782 2046 1025 2108 repletam
1049 2039 1390 2113 (transpositis
1415 2047 1625 2095 maxime
1645 2043 1832 2113 verbis)

136 2135 225 2168 nec
264 2136 440 2182 puram
479 2120 736 2183 archetypi
775 2121 1043 2184 imaginem
1086 2120 1323 2183 praebere
1364 2137 1523 2182 neque
1566 2121 1629 2168 ad
1668 2137 1833 2170 recen—

138 2193 325 2242 sionem
355 2194 515 2242 ullum
547 2195 764 2243 fructum
797 2195 970 2243 afferre
1001 2210 1158 2257 posse.

210 2281 288 2324 12.
312 2279 657 2325 Bodleianus
680 2280 1027 2336 Digbeianus
1055 2278 1158 2325 212
1185 2276 1388 2324 membr.
1413 2277 1466 2324 in
1490 2277 1590 2340 fol.,
1615 2278 1718 2327 foll.
1750 2281 1832 2340 72,

134 2349 250 2398 inde
269 2366 298 2398 a
319 2350 354 2398 f.
377 2352 444 2399 10
460 2350 589 2398 binis
606 2350 846 2400 columnis
865 2365 988 2399 saec.
1007 2350 1137 2400 XIV.
1156 2354 1400 2410 exaratuS‚
1420 2352 1473 2399 in
1490 2351 1594 2400 foll.
1615 2355 1641 2400 1
1654 2355 1676 2399 1
1687 2355 1828 2402 —29

137 2423 339 2472 Firmici
369 2423 523 2472 libros
554 2424 753 2475 1.—1V.
788 2426 1032 2487 continet3
1065 2424 1246 2474 desinit
1280 2427 1384 2474 269
1405 2443 1460 2475 18.

211 2557 348 2606 Finis
378 2556 497 2605 libri
518 2557 604 2606 IV.
638 2560 689 2606 et
717 2558 834 2606 libri
857 2558 1131 2608 V.—V111.
1165 2559 1367 2607 Firmici
1398 2560 1495 2609 nisi
1528 2559 1721 2621 aliquot
1752 2573 1828 2607 co·

138 2630 328 2679 dicibus
352 2631 536 2680 saeculi
556 2631 661 2679 XV.
679 2632 758 2680 vel
773 2632 905 2680 XVI.
922 2649 1021 2681 non
1046 2633 1108 2681 ad
1131 2648 1220 2682 nos
1244 2637 1588 2696 pervenerunt.
1620 2633 1832 2681 Videtur

137 2703 313 2768 igitur,
356 2721 465 2753 cum
500 2705 846 2768 praecedentia
877 2707 1075 2755 saecula
1111 2709 1255 2769 parte
1287 2708 1565 2757 Matheseos
1602 2709 1829 2771 graviore

138 2779 286 2841 plane
326 2779 619 2841 caruissent,
666 2780 855 2828 sollerti
892 2780 1276 2844 investigatione
1316 2782 1571 2830 doctorum
1610 2783 1829 2830 virorum

138 2853 379 2901 Italorum
419 2854 601 2902 saeculi
633 2854 738 2902 XV.
771 2853 1058 2917 contigisse,
1100 2858 1158 2903 ut
1188 2858 1401 2904 veterem
1442 2856 1657 2904 codicem
1688 2855 1827 2902 inda-

139 2928 337 2990 garent,
383 2927 470 2989 qui
512 2930 562 2975 et
602 2927 754 2976 libros
787 2927 1060 2977 V.—VIII.
1100 2932 1150 2978 et
1192 2932 1386 2992 partem
1417 2946 1585 2979 eorum
1617 2945 1743 2992 quae
1774 2930 1828 2978 in
