2078 3174
103 926 144 958 10

101 1295 144 1328 15

104 1665 147 1698 20

105 2035 147 2068 25

108 2405 151 2437 80

839 115 902 159 VI
934 119 1005 170 31,
1029 128 1190 161 28—85.
1753 117 1856 169 157

164 257 328 308 scopo
367 238 519 292 Luna
555 237 840 308 possideat,
878 237 1040 289 etiam
1071 237 1178 289 ista
1209 235 1601 290 coniunctionis
1635 237 1858 290 sociatio

165 314 462 382 periculum
494 311 766 366 caecitatis
798 309 1012 380 infligit.
1075 309 1180 363 Sed
1212 313 1267 363 et
1299 310 1344 364 si
1376 310 1432 362 in
1464 311 1671 380 tropico
1704 312 1858 382 signo

167 386 430 440 Saturnus
477 389 531 439 et
567 385 720 438 Luna
765 383 926 437 simul
974 384 1177 437 fuerint
1223 385 1516 449 constituti,
1563 387 1618 438 ct
1654 384 1713 438 in
1751 385 1859 437 dia-

166 463 337 514 metro
378 478 560 513 eorum
599 458 743 511 Mars
782 461 836 511 et
876 456 970 511 Sol
1008 459 1118 511 sint
1153 459 1355 528 pariter
1394 458 1665 526 collocati,
1704 462 1758 511 et
1795 478 1860 512 ex

168 535 270 587 ista
301 534 678 588 coniunctione
709 531 879 585 oculis
908 532 1208 601 periculum
1240 550 1450 601 semper
1480 533 1716 586 affertur.
1756 532 1861 585 Sed

168 609 214 660 si
253 609 331 660 sic
369 608 642 662 collocatis
671 605 914 676 Iuppiter
946 606 1004 658 in
1034 605 1151 659 ΜΟ.
1183 607 1348 659 fuerit
1378 607 1643 676 inventuS‚
1682 607 1862 660 omnia

166 681 495 751 paupertatis
534 682 738 734 relaxat
775 680 1127 733 incommoda.
1200 679 1396 733 Sedet
1435 681 1480 733 si
1520 681 1578 732 in
1615 680 1733 734 ΜΟ.
1771 680 1861 734 Sa·
1879 666 1950 720 33

166 762 356 809 turnus
392 758 445 809 et
476 755 629 808 Luna
659 754 860 807 fuerint
891 754 1113 824 inventi,
1152 758 1205 808 et
1238 753 1332 807 Sol
1365 758 1417 807 et
1448 754 1593 808 Mars
1625 755 1681 808 in
1713 754 1861 808 VIII.

169 830 233 882 ab
273 830 572 899 horoscopo
603 831 722 883 loco
756 829 864 881 sint
895 828 1190 893 constituti,
1230 829 1392 882 etiam
1426 828 1503 882 sic
1532 830 1746 883 miseria
1778 830 1862 882 de-

171 905 405 956 cernitur
442 904 730 958 caecitatis.
808 901 912 956 Sed
951 906 1003 956 et
1044 903 1089 955 si
1131 901 1225 956 Sol
1263 904 1321 956 in
1358 903 1659 973 horoscopo
1700 904 1863 956 fuerit

169 979 438 1048 inventus,
496 981 551 1030 et
602 977 659 1031 in
713 977 932 1030 anafora
977 977 1264 1046 horoscopi
1312 978 1383 1029 sit
1431 975 1694 1030 Saturnus
1743 996 1864 1031 con-

168 1054 402 1119 stitutus,
451 1051 605 1105 Luna
653 1052 815 1104 etiam
863 1051 921 1103 in
970 1050 1087 1104 ΜΟ.
1137 1051 1315 1121 posita
1363 1051 1507 1105 Mars
1558 1052 1615 1103 in
1653 1050 1745 1104 XI.
1793 1052 1858 1105 ab

168 1126 467 1195 horoscopo
506 1126 624 1179 loco
660 1125 976 1195 inveniatur,
1016 1126 1176 1178 etiam
1210 1127 1286 1179 sic
1318 1126 1531 1178 miseria
1563 1126 1864 1179 decernitur

87 1224 89 1226 ·
169 1200 455 1253 caecitatis.
532 1198 637 1253 Sed
682 1203 736 1253 et
781 1200 827 1252 si
867 1198 962 1252 Sol
1007 1199 1064 1252 in
1110 1200 1412 1268 horoscopo
1462 1202 1537 1267 [et
1578 1198 1861 1268 Saturnus]

169 1275 332 1327 fuerit
369 1275 633 1343 inventus,
683 1277 738 1327 et
782 1275 839 1326 in
884 1274 1106 1326 anafora
1151 1273 1439 1342 horoscopi
1486 1274 1558 1326 sit
1601 1272 1863 1327 Saturnus

171 1349 508 1417 constitutuS,
547 1348 700 1401 Luna
738 1348 901 1401 etiam
939 1348 997 1400 in
1026 1346 1142 1400 ΜΟ.
1181 1348 1360 1417 posita
1396 1347 1542 1400 Mars
1579 1348 1637 1400 in
1667 1347 1760 1401 XI.
1796 1349 1863 1401 ab

169 1424 469 1492 horoscopo
508 1422 626 1476 loco
667 1422 984 1488 inveniatur,
1022 1421 1184 1474 etiam
1225 1423 1303 1475 sic
1340 1423 1536 1476 misera
1567 1421 1866 1476 decernitur

170 1498 407 1550 caecitas.

283 1570 341 1624 Si
379 1571 438 1623 in
475 1571 682 1640 tropico
724 1571 877 1642 signo
920 1569 1015 1623 Sol
1054 1574 1107 1622 et
1144 1569 1297 1622 Luna
1344 1570 1453 1623 sint
1495 1571 1749 1640 synodica
1787 1590 1865 1624 ra·
1882 1571 1954 1624 34

173 1645 406 1698 diatione
457 1645 743 1712 coniuncti,
794 1647 847 1698 et
898 1645 968 1697 sit
1016 1644 1170 1696 Luna
1221 1645 1368 1698 omni
1417 1645 1638 1698 luminis
1690 1645 1866 1714 splen-

173 1720 296 1772 dore
346 1720 572 1788 privata‚
624 1722 676 1771 et
727 1736 846 1771 cum
896 1718 982 1771 his
1032 1717 1329 1771 Mercurius
1382 1739 1408 1767 *
1428 1739 1454 1768 »ι
1474 1739 1500 1767 *
1513 1761 1529 1788 7
1578 1721 1865 1772 maximam

172 1794 488 1863 sapientiam
525 1797 578 1845 et
607 1794 940 1862 praeclarum
971 1793 1247 1863 ingenium
1280 1796 1334 1846 et
1364 1793 1656 1846 multarum
1688 1811 1866 1846 rerum

172 1868 449 1920 scientiam
488 1885 609 1920 cum
650 1869 926 1920 oculorum
967 1867 1222 1920 caecitate
1261 1870 1314 1920 et
1354 1885 1474 1920 cum
1509 1868 1749 1937 corporis
1783 1869 1867 1920 de-

172 1941 381 1994 bilitate
420 1942 723 1994 decernunt.

286 2014 344 2067 Si
385 2015 539 2068 Luna
585 2018 639 2067 et
685 2014 948 2068 Saturnus
994 2018 1049 2067 et
1093 2014 1238 2068 Mars
1284 2016 1340 2067 in
1387 2014 1866 2084 aequinoctialibus
1883 2014 1954 2068 35

175 2089 341 2160 signis
393 2090 502 2143 sint
549 2089 750 2158 pariter
801 2088 1068 2153 collocati,
1122 2090 1265 2142 notis
1321 2089 1640 2157 quibusdam
1690 2092 1866 2142 totum

173 2181 366 2232 corpus
404 2164 754 2232 inmaculant‚
801 2165 894 2214 aut
940 2162 1076 2215 albis
1115 2162 1462 2216 varietatibus
1503 2163 1836 2232 dedecorant,
1853 2181 1919 2219 soz.
1932 2175 2026 2211 7901

175 2241 268 2290 aut
307 2240 447 2290 certe
487 2255 679 2306 corpus
718 2236 995 2289 hominum
1039 2236 1337 2306 possidebit
1376 2255 1591 2306 serpens
1630 2238 1867 2291 molliter

175 2311 416 2382 inpetigo
425 2354 439 2381 ‚
501 2314 593 2363 aut
641 2311 862 2364 minutis
913 2310 1152 2379 squamis
1206 2311 1517 2365 cadentibus
1568 2311 1867 2380 exasperati

178 2385 417 2455 corporis
463 2385 637 2437 forma
682 2388 942 2453 mutatur,
992 2385 1156 2453 (aut)
1192 2385 1468 2438 hominem
1509 2385 1715 2438 scabies
1756 2386 1867 2438 diu-

296 2505 321 2543 3
353 2500 529 2544 fuerint
559 2500 699 2544 simul
729 2503 769 2544 Δ
893 2506 921 2545 4
952 2502 1000 2544 et
1031 2503 1110 2546 alt.
1134 2515 1219 2546 om.
1244 2503 1284 2545 Δ
1408 2506 1433 2545 6
1467 2501 1507 2545 si
1538 2516 1622 2547 om.
1647 2504 1688 2545 Δ
1728 2503 1735 2557 1
1773 2500 1867 2545 col-

177 2561 356 2604 locatus
380 2574 492 2605 corr.
518 2560 625 2602 Nn²
746 2564 770 2603 7
803 2560 1117 2619 paupertatis]
1150 2560 1394 2604 caecitatis
1422 2575 1454 2605 e.
1481 2575 1522 2618 9.
1549 2574 1575 2605 σ
1695 2566 1720 2604 9
1754 2560 1867 2615 sint]

178 2620 237 2674 cf.
262 2619 324 2663 ad
341 2634 390 2675 p.
416 2623 518 2673 155,
541 2631 586 2662 24
628 2622 633 2675 Ι
675 2619 847 2663 misera
870 2654 881 2664 .
900 2654 910 2664 .
929 2655 939 2664 .
966 2620 1166 2663 caecitas
1191 2622 1230 2663 Δ
1356 2624 1407 2663 11
1444 2619 1670 2663 Saturnus
1696 2620 1758 2663 sit
1785 2623 1811 2672 ζ

181 2684 236 2722 14
268 2680 316 2722 et
348 2679 572 2723 Saturnus
604 2679 703 2735 (del.
730 2681 802 2735 σζ)
831 2679 897 2737 Γ]
931 2679 992 2722 sit
1024 2679 1249 2723 Saturnus
1273 2682 1314 2722 Δ
1347 2681 1428 2735 qui
1460 2681 1487 2723 l.
1516 2683 1570 2722 15
1603 2679 1665 2722 sit
1690 2679 1783 2722 Sat.
1810 2705 1864 2711 —

182 2742 235 2780 17
269 2738 523 2794 horoscopo
556 2751 641 2781 om.
786 2742 839 2781 16
873 2739 921 2781 et
951 2738 1077 2780 Mars
1101 2743 1139 2780 A
1170 2738 1294 2782 Mars
1326 2752 1410 2782 om.
1438 2742 1472 2780 G
1618 2742 1672 2781 17
1705 2737 1868 2796 etiam]

180 2798 228 2840 et
258 2800 338 2839 BN
460 2801 513 2839 21
549 2797 631 2841 lac.
660 2802 762 2841 stat.
788 2800 813 2849 ζ
930 2802 986 2841 26
1019 2796 1164 2853 signis
1197 2812 1280 2842 om.
1306 2800 1345 2840 Δ
1471 2801 1525 2840 29
1560 2796 1868 2840 candentibus

180 2858 220 2899 Δ
365 2860 421 2899 30
452 2857 662 2899 mutatur
691 2856 839 2913 HAG]
871 2855 1084 2900 imitatur
1139 2859 1145 2914 Ι
1203 2857 1308 2900 add.
1334 2859 1360 2908 ζ
1413 2858 1420 2912 Ι
1478 2856 1634 2899 scabie
1670 2858 1716 2900 Γ
1742 2858 1868 2912 (num

180 2916 266 2959 hac
295 2921 470 2971 recepta
501 2916 686 2959 lectione
715 2916 998 2960 scribendum
1030 2915 1361 2970 quassabant?
1391 2917 1429 2971 ζ)
