2078 3174
868 118 932 163 VI
963 123 1034 176 30,
1059 131 1174 163 1—8.
1762 120 1863 172 141

168 241 458 311 respiciens
514 258 612 310 per
664 239 943 293 sinistrum
997 239 1318 308 quadratum
1362 239 1572 293 Lunam
1615 238 1867 292 Martem-

167 335 272 384 que
302 314 611 385 pulsaverit,
641 317 704 366 ut
726 313 991 367 Venerem
1023 312 1240 381 quidem
1265 313 1329 366 de
1354 313 1628 382 diametro,
1656 314 1865 367 Lunam

166 408 293 442 vero
345 393 399 444 et
443 387 671 441 Martem
720 387 785 440 de
835 387 1097 456 quadrato
1147 387 1415 457 respiciat,
1466 391 1520 441 et
1568 387 1865 442 Mercurius

166 462 282 516 MC.
330 461 643 532 possederit,
694 461 862 531 [post]
911 479 977 514 ex
1020 460 1122 513 hac
1168 463 1445 514 stellarum
1489 461 1727 515 mixtura
1772 465 1865 515 aut

119 559 142 594 5
167 538 374 590 steriles
406 539 501 589 aut
529 534 956 604 hermaphroditi
988 538 1082 587 aut
1106 538 1248 588 certe
1271 539 1595 606 generantur
1619 536 1865 589 eunuchi.

280 610 339 664 Si
378 610 640 664 Saturnus
680 613 733 662 et
771 608 956 662 Venus
1002 609 1062 661 in
1110 608 1266 680 signo
1306 611 1394 663 vel
1431 610 1487 662 in
1525 611 1724 664 finibus
1764 610 1863 663 Ve-
1883 610 1916 661 6

165 685 307 739 neris
361 686 563 755 pariter
616 683 901 737 constituti
955 681 1070 736 MC.
1125 684 1460 752 possederint
1514 687 1749 754 partem,
1811 688 1866 737 et

165 759 310 813 Mars
349 760 415 812 ab
454 758 539 811 his
580 758 785 811 alienus
823 757 988 810 fuerit
1027 757 1264 826 effectuS,
1302 761 1397 811 aut
1434 777 1724 828 pauperem
1761 759 1866 812 ista

166 833 471 887 coniunctio
519 835 611 885 aut
656 835 940 902 provectae
989 832 1179 884 aetatis
1219 832 1456 885 decernit
1495 851 1729 886 uxorem.
1807 831 1866 886 Si

99 929 143 961 ιο
167 926 292 961 vero
348 907 426 960 sic
473 906 762 959 Saturnum
810 909 864 958 et
909 905 1174 959 Venerem
1229 907 1551 960 constitutos
1598 907 1866 992 trigonica

164 980 407 1051 Iuppiter
454 980 751 1033 radiatione
799 980 1074 1049 respiciat,
1127 980 1214 1033 vel
1260 982 1306 1034 si
1353 999 1474 1033 cum
1519 982 1653 1051 ipsis
1699 982 1865 1034 fuerit

165 1055 438 1124 inventuS,
488 1072 554 1108 ex
592 1055 698 1107 isto
738 1053 882 1107 Iovis
921 1055 1235 1108 testimonio
1276 1055 1438 1108 vidua
1477 1056 1692 1124 quidem
1730 1074 1867 1108 uxor

167 1129 483 1198 decernitur,
522 1129 614 1182 sed
653 1119 961 1182 divitiarum
1001 1129 1278 1182 affluentia
1318 1130 1550 1198 copiosa

278 1202 337 1256 Si
374 1203 559 1256 Venus
605 1203 662 1255 in
701 1201 815 1256 MC.
854 1203 1057 1271 pariter
1103 1220 1223 1256 cum
1262 1202 1391 1256 Iove
1429 1203 1593 1257 fuerit
1631 1205 1864 1272 inventa,
1884 1202 1913 1252 7

99 1298 142 1332 15
167 1278 342 1347 (ista)
396 1277 620 1331 sociatio
675 1277 940 1330 adulterio
1003 1278 1274 1347 cognitam
1337 1278 1575 1331 decernit
1628 1296 1864 1331 uxorem.

167 1351 225 1405 Si
264 1370 390 1405 vero
437 1351 523 1404 his
569 1351 770 1420 pariter
817 1352 1125 1404 constitutis
1159 1351 1414 1405 Mercurii
1459 1355 1616 1406 stella
1657 1353 1725 1405 ad
1763 1352 1867 1404 hoc

165 1426 307 1478 idem
358 1426 689 1480 consortium
740 1426 908 1494 partis
959 1428 1257 1494 accesserit,
1308 1430 1362 1478 et
1407 1427 1510 1479 hoc
1555 1428 1748 1479 marito
1788 1444 1865 1479 re-

164 1500 294 1553 licto
342 1518 501 1569 quem
551 1499 816 1552 adulterio
869 1500 1044 1552 fuerat
1077 1500 1482 1553 interveniente
1532 1501 1746 1568 sortita,
1799 1500 1867 1553 ad

165 1574 384 1627 alterius
433 1574 612 1626 mariti
657 1592 842 1626 rursus
888 1574 1105 1642 nuptias
1151 1576 1369 1643 transit,
1415 1579 1469 1627 et
1517 1575 1620 1628 hoc
1659 1578 1752 1627 aut
1790 1575 1868 1628 iu-

98 1669 142 1703 no
165 1650 314 1701 venis
353 1666 535 1701 amore
575 1651 732 1718 capta
768 1648 1023 1716 perficiet,
1062 1652 1156 1701 aut
1194 1650 1443 1718 pauperis
1480 1649 1757 1702 cuiusdam
1789 1667 1866 1702 se-

165 1726 288 1775 cuta
327 1722 657 1792 concubituS,
696 1726 791 1775 aut
828 1723 1083 1793 ignobilis
1122 1723 1439 1776 concubitus
1470 1724 1831 1776 humilitatem
1851 1733 2027 1778 sol-⁷⁶⁰1

164 1815 336 1865 prona
396 1797 592 1849 mentis
655 1796 950 1865 cupiditate
1013 1797 1340 1864 desideranS,
1404 1801 1467 1850 ut
1528 1797 1864 1850 omnifariam

164 1872 316 1940 pravi
362 1872 561 1924 amoris
608 1871 873 1924 illecebris
921 1871 1191 1924 inferioris
1231 1871 1334 1924 viri
1382 1872 1712 1925 consortium
1754 1889 1865 1924 sor·
1909 1883 1912 1886 ⁴

166 1946 347 1998 tiatur.

98 2039 141 2073 25
279 2019 336 2071 Si
375 2019 528 2071 Luna
566 2019 623 2071 in
657 2018 773 2071 MC.
812 2019 1081 2088 partiliter
1117 2019 1282 2072 fuerit
1320 2020 1552 2088 inventa,
1591 2022 1644 2073 et
1676 2019 1770 2072 Sol
1809 2020 1916 2073 in8

165 2093 465 2162 horoscopo
506 2092 774 2161 partiliter
811 2094 975 2146 fuerit
1013 2095 1324 2162 collocatus,
1365 2093 1607 2162 Iuppiter
1645 2112 1769 2147 vero
1810 2094 1866 2145 in

165 2167 385 2220 anafora
437 2167 725 2235 horoscopi
775 2167 1113 2236 (partiliter)
1163 2169 1491 2221 constitutus
1540 2168 1723 2221 Lunae
1774 2169 1866 2220 tri-

167 2242 359 2312 gonica
396 2240 691 2293 radiatione
731 2240 1008 2312 iungatur,
1059 2260 1125 2293 ex
1163 2243 1268 2295 ista
1307 2242 1684 2296 coniunctione
1725 2244 1867 2295 clara

168 2315 468 2368 nobilitatis
508 2316 863 2368 decernuntur
901 2315 1146 2386 insignia.

288 2451 313 2489 2
346 2445 503 2490 Venus
527 2460 639 2490 corr.
666 2451 728 2499 κζ
767 2448 774 2503 Ι
815 2447 946 2490 Luna
971 2461 1011 2491 v.
1038 2460 1076 2490 e.
1102 2446 1227 2490 Mars
1253 2449 1340 2490 AG
1484 2452 1510 2491 3
1542 2448 1799 2504 respiciant
1823 2449 1863 2491 Δ

168 2509 196 2548 4
228 2507 311 2550 del.
344 2521 371 2547 a
492 2510 517 2548 5
552 2505 721 2549 sterilis
754 2507 794 2549 Δ
838 2508 844 2562 Ι
886 2505 1211 2550 hermofroditi
1243 2509 1331 2550 ΔΔ
1454 2511 1477 2549 7
1511 2510 1668 2563 partes
1706 2509 1752 2551 Γ

172 2570 224 2608 11
258 2564 514 2621 respexerit
536 2566 576 2607 A
621 2567 627 2619 Ι
671 2564 710 2607 si
742 2578 825 2609 om.
852 2567 891 2608 A
1017 2570 1071 2608 14
1103 2566 1151 2608 in
1183 2566 1337 2609 medio
1370 2565 1490 2609 caeli
1519 2566 1697 2621 pariter
1726 2566 1784 2623 N]
1818 2567 1866 2609 et

169 2623 426 2668 Mercurius
456 2623 632 2679 pariter
654 2628 690 2666 1>
728 2624 778 2667 in
801 2624 1019 2668 Mercurii
1042 2627 1178 2681 parte
1206 2627 1253 2668 Γ
1370 2629 1424 2668 15
1456 2626 1562 2669 add.
1589 2626 1635 2683 a]
1669 2625 1863 2668 sociatio

169 2683 262 2726 ista
286 2687 324 2725 A
446 2682 639 2726 sociatio
664 2682 780 2726 haec
804 2686 844 2727 A
970 2687 1023 2726 17
1055 2684 1223 2741 partis]
1248 2684 1426 2739 pariter
1448 2688 1487 2726 N
1519 2686 1732 2729 omissum
1756 2698 1863 2728 con-

171 2741 367 2786 sortium
408 2743 415 2798 Ι
456 2744 504 2785 et
528 2743 610 2786 del.
636 2759 664 2785 κ
788 2746 842 2786 18
875 2742 1235 2786 intervenientes
1261 2744 1415 2786 sortiti
1438 2757 1551 2788 corr.
1579 2759 1606 2786 a
1728 2747 1782 2786 19
1817 2745 1866 2787 et

169 2801 246 2858 κζ]
280 2802 363 2844 aut
483 2805 539 2844 20
572 2801 750 2859 secuta]
784 2803 962 2846 sectata
992 2805 1018 2854 ζ
1136 2807 1190 2845 21
1225 2802 1500 2846 concubitus
1532 2816 1615 2846 om.
1646 2805 1686 2845 A
1729 2806 1735 2857 Ι
1779 2802 1865 2846 hu-

169 2859 418 2904 militatem
449 2861 496 2918 κ]
540 2860 759 2903 humiliat
790 2864 867 2902 BG
909 2861 1152 2904 humilitat
1181 2866 1258 2905 cet.
1411 2866 1466 2905 25
1499 2862 1548 2904 in
1579 2860 1675 2905 MC.
1709 2863 1771 2920 A]
1815 2861 1864 2904 in

168 2918 397 2963 Mercurio
429 2923 466 2961 A
513 2933 618 2962 cum
649 2919 876 2963 Mercurio
907 2923 986 2962 BG
1108 2925 1163 2963 27
1197 2920 1303 2964 add.
1335 2925 1412 2963 Ην
