2100 3186
725 664 997 724 LIBER
1057 663 1499 725 SEPTIMUS

1090 793 1130 848 Ι.

98 912 277 958 fot-<snmr
381 899 515 953 Cum
548 899 837 970 incognitis
868 898 1181 952 hominibus
1214 897 1459 967 Orpheus
1493 916 1763 952 sacrorum
1803 901 1962 952 caeri-

219 974 245 1026 1
266 974 475 1027 monias
515 974 874 1042 (intimaret),
912 972 1051 1025 nihil
1097 971 1245 1025 aliud
1291 972 1358 1024 ab
1405 973 1489 1025 his
1537 991 1673 1042 quos
1712 973 1963 1027 initiabat

265 1050 321 1101 in
368 1050 543 1117 primo
590 1047 855 1101 vestibulo
901 1046 1009 1099 nisi
1055 1045 1398 1100 iurisiurandi
1444 1047 1818 1101 necessitatem
1858 1047 1957 1117 [et]
2009 1070 2029 1104 5

266 1141 387 1175 cum
426 1122 658 1176 terribili
698 1122 1018 1175 auctoritate
1055 1120 1334 1192 religionis
1376 1121 1575 1192 exegit,
1614 1139 1682 1175 ne
1720 1122 1960 1191 profanis

266 1196 482 1249 auribus
531 1196 777 1249 inventae
824 1214 887 1250 ac
926 1196 1233 1264 conpositae
1265 1194 1555 1266 religiones
1593 1196 1961 1265 proderentur.

270 1269 374 1324 Sed
428 1273 482 1324 et
526 1269 841 1339 †Platonici
894 1288 1071 1322 meum
1124 1272 1445 1338 perpetuum
1498 1287 1529 1321 a
1575 1287 1631 1322 se
1685 1289 1806 1323 eum
1861 1271 1962 1322 fre-

267 1348 493 1413 quenter
532 1344 797 1413 convenit,
839 1362 936 1397 nec
977 1347 1300 1396 secretarum
1343 1343 1768 1413 disputationum
1807 1362 1962 1398 vene-

265 1419 431 1472 randa
486 1421 788 1472 commenta
849 1417 1095 1487 inperitis
1159 1417 1446 1486 aliquando
1497 1418 1786 1487 <auribus>
1840 1418 1962 1470 inti-
1986 1441 2029 1474 10

267 1493 418 1545 mari.
493 1493 780 1545 Patiuntur
819 1492 961 1545 enim
993 1492 1125 1544 haec
1158 1491 1338 1544 omnia
1369 1492 1645 1563 iacturam,
1685 1510 1807 1545 cum
1845 1511 1962 1561 per-

267 1567 393 1619 ditis
449 1585 510 1621 ac
557 1567 849 1635 desperabis
897 1567 1089 1618 animis
1136 1566 1467 1636 ingeruntur.
1524 1565 1709 1635 [apud]
1760 1566 1962 1635 Pytha-

268 1658 426 1712 goras
483 1640 643 1693 etiam
699 1643 752 1693 et
812 1643 995 1693 noster
1055 1639 1388 1709 Porphyrius
1450 1640 1703 1710 religioso
1767 1644 1961 1709 putant

211 1715 249 1769 2
268 1715 506 1767 animum
567 1717 811 1767 nostrum
868 1714 1081 1767 silentio
1145 1713 1458 1768 consecrari.
1537 1713 1692 1767 Vnde
1754 1718 1807 1767 et
1861 1733 1959 1786 ego

266 1789 459 1842 horum
510 1788 747 1841 virorum
802 1789 977 1859 legem
1037 1787 1357 1857 [in]secutus
1413 1789 1671 1842 convenio
1727 1791 1780 1841 te
1801 1827 1804 1832 -
1825 1790 1961 1842 iure-
1986 1810 2028 1844 15
2099 1828 2100 1835 η

266 1863 507 1932 iurandO‚
530 1861 764 1915 Mavorti
790 1863 947 1915 decus
970 1865 1230 1931 nostrum,
1254 1881 1349 1931 per
1372 1862 1750 1916 fabricatorem
1776 1864 1962 1916 mundi

266 1937 439 2005 deum,
480 1936 572 2005 qui
613 1937 791 1989 omnia
822 1936 1139 1989 necessitate
1178 1937 1554 2005 perpetuitatis
1588 1936 1836 2007 excoluit,
1869 1938 1962 2006 qui

267 2009 448 2063 Solem
479 2010 734 2063 formavit
766 2013 818 2062 et
850 2011 1073 2078 Lunam,
1115 2011 1207 2079 qui
1240 2010 1475 2063 omnium
1513 2010 1742 2063 siderum
1777 2030 1961 2064 cursus

266 2084 584 2154 ordinesque
640 2084 928 2154 disposuit,
984 2085 1076 2152 qui
1129 2084 1291 2137 maris
1345 2085 1539 2137 fluctus
1593 2085 1735 2137 intra
1789 2089 1961 2139 certos

385 2219 411 2258 3
443 2215 501 2269 cf.
526 2216 653 2259 VIII
668 2219 741 2260 33.
783 2216 891 2260 Vett.
918 2215 1018 2259 Val.
1047 2216 1225 2272 VIIpr.
1246 2217 1420 2260 Lobeck
1444 2216 1668 2273 Aylaoph.
1688 2219 1790 2260 450.
1825 2216 1963 2260 Kroll

263 2275 319 2319 de
342 2288 460 2318 orac.
486 2275 630 2319 chald.
659 2278 732 2328 59,
756 2277 788 2319 2
818 2275 1008 2319 Skutsch
1031 2276 1167 2319 Arch.
1193 2275 1226 2328 f.
1247 2276 1369 2320 Rei·
1381 2275 1513 2320 Wiss.
1540 2276 1686 2320 XIII
1700 2279 1790 2320 291
1807 2290 1897 2332 sqq.

264 2338 293 2375 4
319 2333 425 2377 add.
451 2336 513 2385 κζ
536 2334 820 2389 (ostenderet
843 2333 902 2375 1³²
934 2334 1136 2390 aperiret
1160 2335 1202 2390 a)
1294 2338 1319 2376 5
1345 2333 1575 2377 vestibulo
1602 2333 1959 2402 <constitutus>

266 2406 293 2435 σ
320 2396 326 2447 Ι
354 2392 446 2435 nisi
461 2393 519 2450 N]
546 2393 606 2436 ad
622 2392 774 2435 minus
796 2395 880 2436 ΓΒ
907 2393 965 2435 ad
984 2393 1120 2436 unius
1137 2408 1166 2435 v
1188 2395 1440 2450 yenetivum
1455 2395 1507 2437 in
1524 2393 1714 2436 -aminis
1732 2394 1962 2438 cadentem

264 2453 404 2503 latere
428 2457 568 2508 putat
598 2468 625 2495 κ
676 2454 681 2508 Ι
731 2451 993 2495 iusiurandi
1026 2466 1137 2496 corr.
1166 2467 1196 2494 v
1226 2454 1282 2507 cf.
1316 2453 1344 2497 l.
1371 2456 1430 2496 15
1454 2457 1494 2497 et
1516 2455 1623 2506 209,
1647 2456 1709 2496 20
1832 2457 1854 2495 7
1889 2466 1961 2496 re-

267 2509 457 2567 ligionis
488 2524 600 2555 corr.
634 2517 707 2553 Dv
757 2510 1014 2567 (religionis
1055 2513 1234 2555 secreta
1266 2512 1309 2567 a)
1463 2517 1488 2555 8
1536 2511 1670 2554 Plato
1717 2510 1961 2554 Timaeum

266 2583 395 2625 perp.
423 2570 549 2625 apud
574 2582 622 2613 se
646 2569 700 2613 fr.
728 2570 960 2612 continuit
985 2585 1011 2612 a
1054 2572 1059 2626 Ι
1102 2570 1275 2628 meum]
1310 2570 1448 2613 deum
1479 2587 1506 2614 κ
1549 2573 1554 2627 Ι
1596 2583 1723 2626 perp.
1755 2597 1806 2602 —
1834 2571 1957 2628 eum]

266 2628 550 2684 discipulum
583 2642 717 2671 suum
750 2642 775 2671 σ
831 2630 837 2684 Ι
896 2629 942 2686 a]
976 2629 1036 2671 ad
1067 2633 1106 2671 N
1257 2635 1281 2672 9
1314 2643 1399 2673 nec
1430 2631 1472 2673 si
1501 2634 1613 2674 recte
1643 2643 1687 2673 se
1717 2630 1860 2682 habet,
1894 2631 1959 2673 Ζα-

265 2701 389 2731 cuna
421 2693 526 2732 ante
557 2688 801 2732 statuenda
810 2705 826 2741 ,·
857 2701 915 2730 ne
938 2701 1029 2731 ras.
1055 2693 1090 2730 D
1123 2690 1197 2745 (ne
1224 2723 1231 2731 .
1261 2722 1269 2731 .
1298 2722 1307 2732 .
1333 2687 1574 2731 intimaret
1597 2689 1640 2744 a)
1765 2692 1819 2730 10
1851 2688 1957 2732 add.

266 2751 306 2788 N
429 2751 482 2788 12
517 2747 599 2790 del.
626 2751 650 2799 ζ
680 2749 759 2804 (est
781 2747 1093 2804 dittoyraphia
1117 2748 1319 2803 syllabae
1343 2747 1691 2804 pyt(hagoras);
1724 2748 1838 2802 aput
1864 2749 1913 2803 G)
1951 2749 1955 2802 Ι

267 2804 586 2861 Pythagoreos
611 2808 651 2849 Δ
777 2809 831 2848 13
863 2805 1082 2862 religioso
1111 2808 1281 2861 putant
1305 2807 1346 2864 ζ]
1377 2805 1599 2863 religiosa
1622 2807 1761 2862 putat
1783 2809 1823 2847 N
1853 2804 1961 2849 reli-

266 2863 401 2919 giosa
433 2863 645 2920 epulanti
676 2870 751 2909 cet.
786 2865 912 2909 codd.
1069 2870 1123 2908 14
1155 2865 1413 2908 consecrati
1445 2869 1523 2907 AB
1671 2869 1722 2908 15
1756 2864 1837 2908 del.
1871 2879 1901 2906 v

271 2926 324 2965 17
360 2923 531 2966 excolit
562 2937 674 2967 corr.
708 2940 734 2966 a
783 2922 957 2979 ei'tpolit
988 2940 1014 2966 κ
1138 2928 1192 2966 18
1225 2923 1397 2967 format
1428 2928 1464 2966 A
