2100 3186
878 123 963 168 VII
994 128 1036 179 2,
1061 136 1176 168 1—8.
1765 125 1869 176 211

181 246 339 297 natus
393 244 557 297 fuerit
616 248 709 297 aut
770 247 1067 313 exponetur
1129 246 1220 296 aut
1276 243 1459 296 statim
1522 261 1642 296 cum
1706 248 1873 297 matre

181 319 382 386 pariter
443 318 699 371 interibit.
802 317 860 371 Si
920 317 1072 371 Luna
1133 319 1190 370 in
1253 335 1592 386 quocumque
1662 318 1873 370 cardine
1890 317 1923 370 5

179 392 344 444 fuerit
395 392 626 459 inventa,
681 396 733 444 et
771 391 915 444 Mars
963 391 1181 444 eandem
1237 391 1300 443 de
1347 391 1453 445 alio
1501 391 1714 444 cardine
1769 392 1873 444 dia-

179 469 350 518 metra
402 466 699 518 radiatione
753 465 1028 535 respiciat,
1082 468 1176 518 aut
1230 483 1350 518 cum
1406 466 1523 534 ipsa
1576 465 1633 518 in
1689 466 1870 519 eadem

135 560 155 593 5
179 543 331 608 parte
390 539 553 592 fuerit
614 539 883 599 inventus,
946 542 1000 592 et
1053 538 1315 592 Saturnus
1369 540 1535 592 alium
1595 540 1872 611 geniturae

180 614 446 666 cardinem
478 616 671 682 teneat,
704 616 797 666 aut
827 614 883 666 in
916 614 1135 666 anafora
1167 613 1235 666 sit
1266 613 1496 666 cardinis
1533 614 1871 682 constitutus,

179 687 225 740 is
266 687 356 756 qui
397 691 554 740 natus
593 687 756 740 fuerit
795 691 1103 756 exponetur.
1185 686 1386 750 Quodsi
1423 686 1568 740 Iovis
1620 687 1778 741 stella
1816 689 1872 740 in

180 779 518 830 quocumque
553 761 767 816 cardine
797 762 960 815 fuerit
991 762 1222 826 inventa,
1256 765 1310 814 et
1339 780 1455 814 eam
1480 760 1626 814 Mars
1658 762 1721 814 de
1751 762 1871 814 loco

180 838 453 905 superiore
499 835 774 904 respiciat,
829 837 1101 904 expositos
1148 838 1241 888 aut
1286 835 1516 889 inveniri
1568 835 1730 889 faciet
1780 840 1872 888 aut

112 931 154 963 10
179 910 388 978 reverti,
426 909 739 978 praesertim
781 911 826 962 si
857 909 1087 963 Martem
1117 909 1302 962 Venus
1336 928 1671 978 quacumque
1703 910 1871 962 radia-

178 984 326 1036 tione
386 983 650 1053 respiciat.
731 983 789 1037 Si
844 983 939 1037 801
992 1002 1113 1036 cum
1169 983 1399 1037 Saturno
1462 985 1519 1036 in
1573 983 1923 1052 horoscop06

176 1058 339 1110 fuerit
384 1058 657 1126 inventus,
704 1062 757 1111 et
794 1057 947 1111 Luna
995 1059 1065 1111 sit
1111 1058 1167 1110 in
1207 1057 1320 1110 MC.
1363 1058 1679 1126 constituta,
1726 1057 1871 1110 Mars

176 1150 302 1185 vero
340 1132 396 1184 in
435 1130 579 1184 IMC.
610 1132 822 1201 positus
853 1133 1061 1186 Lunam
1093 1132 1351 1185 diametra
1380 1132 1678 1185 radiatione
1707 1132 1870 1201 respi-

179 1206 299 1274 ciat,
339 1207 385 1258 is
424 1209 517 1275 qui
554 1211 714 1259 natus
753 1206 918 1260 fuerit
955 1210 1263 1276 exponetur.
1336 1205 1440 1259 Sed
1479 1208 1533 1258 et
1573 1205 1619 1258 si
1653 1204 1778 1259 8010
1815 1208 1871 1258 111

111 1300 153 1333 15
178 1281 478 1349 horoscopo
519 1281 813 1334 constituto
862 1284 915 1334 et
954 1281 1106 1334 Luna
1152 1281 1209 1333 in
1247 1279 1362 1332 MC.
1404 1279 1666 1334 Saturnus
1708 1280 1778 1333 sit
1816 1281 1872 1332 in

181 1371 370 1407 occasu
409 1357 462 1407 et
499 1354 644 1407 Mars
683 1355 740 1406 in
778 1354 938 1424 1MG.,
977 1356 1023 1407 is
1064 1354 1156 1424 qui
1194 1358 1353 1408 natus
1392 1354 1555 1407 fuerit
1595 1355 1871 1424 expositus

179 1428 360 1480 statim
399 1428 612 1498 peribit,
652 1432 746 1481 aut
776 1433 830 1482 et
860 1432 1030 1482 mater
1060 1447 1182 1482 cum
1213 1430 1334 1497 ipso
1365 1429 1568 1498 pariter
1598 1428 1870 1482 morietur.

179 1500 283 1555 Sed
323 1506 376 1555 et
414 1521 623 1572 semper
662 1502 829 1573 (quod
876 1506 930 1556 et
976 1502 1294 1573 generaliter
1341 1520 1550 1555 servare
1596 1500 1868 1573 convenit)

180 1577 224 1628 81
266 1575 445 1630 8010111
485 1580 538 1629 et
576 1577 783 1631 Lunam
822 1578 879 1630 in
918 1578 1343 1646 quibuscumque
1390 1576 1697 1630 cardinibus
1749 1594 1870 1630 con-

110 1671 153 1703 so
177 1651 395 1704 stitutos
441 1651 628 1704 ambos
673 1651 816 1704 Mars
864 1654 918 1704 et
958 1651 1220 1705 Saturnus
1267 1651 1528 1704 diametra
1572 1651 1869 1703 radiatione

176 1725 481 1794 respiciant,
521 1729 613 1778 aut
651 1744 816 1778 unum
859 1726 922 1778 de
962 1726 1221 1779 diametro
1268 1726 1432 1778 alium
1480 1725 1544 1778 de
1595 1725 1869 1794 quadrato,

177 1803 271 1851 aut
325 1802 660 1868 exponentur
711 1799 846 1870 nati,
901 1803 994 1852 aut
1041 1801 1224 1852 statim
1278 1799 1554 1868 peribunt,
1609 1803 1702 1852 aut
1746 1817 1866 1851 cum

177 1873 307 1940 ipsis
358 1877 554 1927 matres
608 1874 804 1926 misero
859 1875 1193 1943 perimuntur
1247 1874 1423 1926 exitio,
1503 1871 1561 1925 81
1600 1873 1744 1926 Μ318
1784 1876 2050 1928 ets01-89011

178 1945 439 1999 Saturnus
487 1948 542 1999 in
594 1948 774 2016 aliquo
823 1948 1034 2000 cardine
1086 1947 1288 2001 fuerint
1343 1946 1568 2014 inventi,
1624 1951 1716 1999 aut
1761 1965 1868 1999 uno
1889 1946 1917 1998 7

111 2041 150 2074 25
177 2038 361 2073 eorum
401 2021 456 2072 in
497 2022 709 2075 cardine
750 2023 1045 2076 constituto
1085 2023 1222 2075 alius
1263 2022 1333 2074 sit
1371 2021 1428 2073 in
1467 2021 1687 2073 anafora
1728 2021 1868 2090 posi—

175 2098 265 2146 tus
305 2097 398 2146 aut
436 2096 493 2148 in
531 2096 869 2164 epicatafora,
906 2096 1058 2149 Luna
1089 2114 1213 2148 vero
1254 2096 1319 2148 ab
1357 2113 1464 2148 uno
1503 2095 1743 2163 ipsorum
1775 2099 1868 2146 aut

178 2169 436 2221 diametra
474 2174 566 2222 aut
605 2170 863 2238 quadrata
901 2170 1195 2222 radiatione
1234 2170 1498 2239 pulsetur,
1538 2172 1631 2220 aut
1669 2169 1869 2238 pariter

179 2242 248 2294 sit
295 2243 609 2311 constituta,
654 2245 701 2296 is
751 2244 839 2312 qui
890 2245 967 2298 sic
1012 2247 1171 2296 natus
1217 2244 1382 2296 fuerit
1423 2246 1730 2312 exponetur.
1810 2241 1867 2295 81

176 2334 301 2369 vero
342 2316 426 2368 his
467 2317 543 2370 sic
581 2318 890 2370 constitutis
936 2317 1184 2371 benivola
1231 2320 1386 2370 stella
1435 2317 1866 2370 coniunctionem

109 2412 152 2443 30
175 2389 358 2443 Lunae
390 2391 653 2443 venientis
693 2392 973 2462 exceperit,
1013 2392 1242 2461 expositi
1283 2392 1348 2444 ab
1382 2391 1501 2443 aliis
1533 2392 1866 2460 colligentur,

177 2468 229 2516 et
260 2465 497 2517 libertati
528 2465 721 2517 redditi
754 2466 809 2518 in
833 2465 1068 2518 filiorum
1098 2466 1219 2519 loco
1251 2467 1568 2518 nutrientur.
1620 2463 1682 2517 81
1714 2464 1914 2516 11111138

176 2538 232 2590 111
282 2539 580 2607 1101080οΡ0
627 2539 790 2592 fuerit
845 2539 1081 2609 inventa,
1137 2543 1189 2592 et
1236 2539 1379 2592 Mars
1431 2539 1501 2592 sit
1546 2539 1602 2591 in
1640 2537 1758 2590 XII.
1798 2539 1864 2590 ab

297 2688 348 2726 11
382 2683 639 2740 respexerit
661 2689 742 2727 ΒΘ
835 2689 889 2728 14
916 2684 1005 2728 Sed
1030 2686 1069 2729 81
1097 2688 1144 2729 Γ
1231 2689 1283 2727 17
1312 2687 1394 2728 aut
1418 2684 1505 2742 [et]
1530 2700 1556 2726 κ
1662 2688 1714 2726 18
1740 2683 1865 2738 quod

176 2742 243 2800 et]
276 2743 399 2798 quod
432 2745 480 2786 te
512 2760 539 2786 κ
673 2748 724 2786 21
762 2743 992 2788 diametra
1019 2780 1026 2787 .
1055 2781 1064 2790 .
1092 2779 1102 2788 .
1127 2744 1359 2799 quadrata
1391 2757 1503 2788 corr.
1539 2756 1563 2786 σ
1694 2747 1749 2785 26
1783 2744 1866 2785 aut

176 2801 225 2844 in
258 2802 356 2860 AB]
396 2801 470 2845 vel
500 2802 550 2845 in
583 2807 617 2845 G
658 2801 730 2847 vel
764 2805 803 2846 Δ
855 2805 861 2859 Ι
911 2803 1231 2859 epintacafora
1264 2807 1298 2845 G
1342 2801 1659 2858 epintacafore
1691 2805 1724 2843 B
1768 2801 1864 2856 epi-

176 2860 381 2903 tacafore
414 2865 451 2902 A
594 2867 647 2905 27
683 2862 913 2917 quadrata.
945 2864 1027 2906 aut
1059 2863 1288 2906 diametra
1320 2864 1359 2905 Δ
1498 2865 1553 2904 30
1586 2859 1865 2917 colligentur

177 2919 284 2978 AG]
316 2921 657 2977 coniungentur
688 2925 765 2963 AB
889 2927 941 2965 31
976 2921 1162 2965 liberati
1194 2924 1280 2964 ΑΔ

1512 2993 1595 3036 14*
