2090 3198
277 151 387 203 350
1011 153 1240 198 FIRMICI

274 272 343 324 rii
385 273 709 342 quicumque
747 274 995 327 habuerit
1044 274 1420 344 horoscopum,
1461 295 1485 321 *
1529 295 1554 320 *
1598 297 1622 323 *
1666 296 1690 323 *
1734 296 1758 322 20<
1803 297 1827 323 *
1869 295 1895 324 *
1939 297 1964 323 *

226 348 1458 399 8******************
1520 347 1584 400 In
1634 348 1965 418 partem,

273 421 500 488 Aquarii
554 421 876 490 quicumque
926 423 1173 475 habuerit
1219 422 1598 491 horoscopum,
1648 424 1966 491 pulmonum

276 494 486 547 dolores
534 495 833 548 sustinebit.
908 495 974 549 In
1019 496 1132 549 XX.
1173 500 1324 565 parte
1373 495 1596 564 Aquarii
1645 496 1966 566 quicumque

274 567 562 621 habuerint
598 570 975 640 horoscopum,
1013 570 1297 639 hydropici
1337 570 1643 623 morientur.
1720 569 1785 623 In
1821 569 1963 624 XXI.
2011 591 2032 624 5

273 645 426 710 parte
471 642 699 712 Aquarii
747 644 1069 713 quicumque
1117 645 1365 698 habuerit
1403 645 1778 713 horoscopum,
1829 643 1965 697 auri-

210 760 214 762 .
271 717 361 768 fex
399 717 514 769 erit.
592 718 655 770 In
694 717 863 771 XXII.
899 722 1051 788 parte
1090 717 1317 787 Aquarii
1358 719 1678 786 quicumque
1718 719 1965 771 habuerit

270 789 645 860 horoscopum,
671 793 772 844 erit
810 793 1048 845 formosa
1078 793 1212 845 facie
1243 794 1481 845 formoso
1515 810 1734 862 corpore
1766 796 1964 863 gratus,

273 864 364 916 sed
388 864 434 916 is
459 865 517 917 in
540 865 714 934 prima
738 870 911 919 aetate
936 867 1208 920 morietur.
1255 866 1318 920 In
1342 865 1536 919 XXIII.
1562 870 1714 935 parte
1738 866 1963 935 Aquarii

271 938 596 1007 quicumque
620 940 905 992 habuerint
934 941 1313 1010 horoscopum,
1337 943 1491 993 erunt
1514 941 1858 1011 pigmentarii
1888 941 1964 993 di·
1987 963 2031 994 10

220 1015 252 1064 9
270 1012 419 1065 vites.
481 1012 543 1065 In
568 1013 762 1067 XXIV.
790 1018 943 1084 parte
974 1015 1202 1083 Aquarii
1234 1015 1556 1084 quicumque
1587 1015 1838 1067 habuerit
1869 1015 1962 1068 ho—

269 1104 568 1156 roscopum,
610 1088 653 1140 si
693 1089 819 1141 huic
853 1090 994 1158 parti
1024 1088 1271 1158 Iuppiter
1310 1107 1644 1157 quacumque
1682 1089 1845 1142 fuerit
1883 1108 1963 1141 ra-

270 1161 505 1214 diatione
531 1163 864 1232 coniunctuS,
889 1164 991 1215 erit
1014 1163 1283 1216 formosus
1309 1181 1505 1233 magno
1531 1181 1750 1231 corpore
1775 1166 1961 1233 gratus

269 1235 527 1288 amabilis,
608 1236 664 1289 si
702 1240 881 1290 autem
921 1238 1041 1305 <ei>
1072 1237 1256 1291 Venus
1298 1255 1633 1306 quacumque
1663 1237 1960 1289 radiatione

264 1311 553 1362 *coniuncta
598 1310 775 1380 fuerit,
815 1313 916 1364 erit
963 1312 1164 1365 amicus
1203 1313 1344 1382 regis
1385 1311 1642 1380 corporis
1662 1310 1960 1380 pulchritu-
1985 1332 2027 1364 15

269 1385 391 1436 dine
431 1384 734 1437 insinuatus
773 1386 918 1454 felix,
958 1387 1052 1439 sed
1083 1387 1139 1438 in
1171 1388 1345 1454 prima
1376 1387 1654 1439 iuventute
1686 1386 1958 1437 morietur.

266 1458 326 1510 In
369 1458 536 1510 XXV.
573 1463 725 1527 parte
755 1459 983 1528 Aquarii
1023 1461 1347 1529 quicumque
1386 1459 1673 1511 habuerint
1712 1461 1960 1512 horosco—

266 1551 411 1602 pum,
452 1537 608 1586 erunt
647 1535 854 1587 steriles
887 1534 1001 1588 sine
1033 1534 1175 1602 filiis,
1208 1533 1445 1586 erraticis
1479 1552 1687 1602 semper
1718 1551 1959 1586 amorum

182 1608 251 1661 10
269 1607 655 1676 cupiditatibus
695 1611 1012 1660 aestuantes
1075 1607 1140 1660 In
1170 1607 1364 1660 XXVI.
1398 1611 1551 1676 parte
1582 1607 1809 1675 Aquarii
1846 1608 1958 1676 qui-

268 1699 494 1750 cumque
530 1681 814 1734 habuerint
844 1683 1221 1751 horoscopum,
1261 1701 1324 1734 ex
1359 1682 1567 1735 cultura
1598 1685 1768 1735 terrae
1799 1680 1956 1734 habe·
1981 1701 2024 1733 20

266 1755 401 1807 bunt
446 1756 588 1807 vitae
639 1756 890 1820 subsidia,
929 1756 1015 1808 vel
1063 1758 1126 1808 de
1172 1757 1365 1808 herbis,
1445 1755 1548 1808 sed
1587 1756 1644 1807 hi
1683 1755 1955 1824 perpetuis

265 1829 539 1882 laboribus
603 1832 985 1899 opprimentur.
1064 1830 1240 1882 Erunt
1294 1848 1419 1882 sane
1471 1829 1720 1899 longaevi
1774 1833 1826 1881 et
1881 1830 1958 1881 in.-

265 1903 626 1971 praestabiles
701 1903 765 1956 In
799 1903 1021 1956 XXVII.
1056 1909 1207 1973 parte
1239 1904 1464 1973 Aquarii
1505 1905 1827 1972 quicumque
1865 1903 1955 1956 ha-

386 2070 407 2106 1
441 2065 692 2109 habuerint
715 2069 754 2107 N
811 2067 816 2121 Ι
873 2067 956 2109 lac.
984 2066 1079 2108 ind.
1104 2070 1144 2107 N
1267 2070 1291 2108 2
1323 2064 1375 2107 In
1407 2066 1542 2120 parte
1574 2064 1691 2106 XIX.
1725 2090 1779 2094 —
1815 2068 1839 2106 3
1873 2063 1951 2107 ho·

262 2137 506 2179 roscopum
538 2138 620 2168 om.
651 2127 698 2168 Γ
812 2130 839 2167 4
870 2125 925 2167 Α.
958 2140 1001 2181 p.
1032 2127 1079 2168 Γ
1194 2128 1219 2166 5
1252 2124 1470 2167 habuerit
1500 2128 1581 2165 DG
1623 2124 1629 2178 Ι
1671 2121 1953 2178 hydropicus

263 2183 485 2226 morietur
519 2188 552 2225 G
674 2188 698 2227 6
732 2185 784 2227 Α.
817 2199 861 2240 p.
901 2186 947 2227 Γ
998 2187 1002 2240 Ι
1059 2183 1312 2226 habuerint
1342 2188 1381 2225 N
1438 2185 1442 2238 Ι
1501 2184 1636 2225 erunt
1668 2182 1878 2225 aurifices
1910 2184 1950 2224 Δ

325 2247 347 2285 7
381 2243 434 2285 A.
468 2257 511 2298 p.
543 2245 589 2286 Γ
640 2244 645 2297 Ι
702 2243 954 2286 habuerint
985 2245 1071 2286 AG
1200 2247 1226 2285 8
1255 2247 1358 2298 post
1388 2242 1695 2297 horoscopum
1728 2243 1815 2284 AG
1844 2242 1953 2285 haec

263 2303 472 2346 inserunt
503 2316 524 2345 e
555 2303 583 2346 l.
613 2307 665 2345 10
682 2317 771 2359 sqq.
804 2303 891 2346 huc
922 2303 1172 2346 translata:
1213 2304 1349 2344 erunt
1379 2300 1678 2358 pigmentarii
1711 2300 1879 2343 divites
1912 2300 1951 2342 si

261 2361 372 2404 huic
398 2362 522 2416 parti
545 2361 723 2418 Iupiter
747 2375 1023 2416 quacunque
1048 2361 1312 2403 radiatione
1345 2361 1458 2416 (rad.
1484 2375 1568 2404 om.
1593 2362 1644 2413 D)
1678 2359 1950 2410 coniunctus

261 2421 338 2463 sed
368 2421 671 2476 pigmentarii
697 2447 751 2452 —
778 2421 1052 2464 coniunctus
1081 2421 1164 2464 del.
1190 2420 1249 2462 ΒΞ
1292 2422 1296 2474 Ι
1340 2419 1429 2462 erit
1456 2420 1522 2477 Γ]
1556 2420 1692 2462 erunt
1715 2421 1754 2461 Δ
1799 2422 1804 2473 Ι
1847 2432 1950 2474 gra-

261 2480 336 2521 tus
370 2493 451 2523 om.
478 2485 517 2522 N
638 2484 663 2521 9
696 2480 735 2522 is
769 2481 822 2537 G]
855 2494 937 2524 om.
965 2479 1012 2520 A'
1046 2480 1097 2522 hi
1128 2482 1167 2522 Δ
1229 2482 1233 2533 Ι
1290 2477 1546 2522 morientur
1577 2480 1615 2521 A
1675 2481 1680 2534 Ι
1738 2478 1790 2520 A.
1825 2492 1868 2532 p.
1894 2476 1943 2518 A'

260 2538 455 2592 Aquarii
487 2543 622 2594 parte
656 2538 847 2594 Aquarii
879 2543 918 2581 N
1056 2544 1106 2580 11
1141 2538 1392 2581 habuerint
1423 2540 1462 2580 A
1601 2542 1654 2580 12
1688 2536 1947 2579 radiatione

261 2597 402 2641 fuerit
433 2600 472 2640 A
599 2602 650 2641 13
684 2600 819 2641 erunt
849 2597 1038 2641 formosi
1066 2632 1073 2640 .
1103 2633 1111 2641 .
1139 2632 1149 2642 .
1175 2597 1298 2654 grati
1331 2596 1556 2640 amabiles
1588 2599 1628 2639 A
1755 2600 1808 2637 14
1841 2595 1947 2638 add.

261 2671 288 2697 a
440 2663 493 2699 15
528 2658 776 2702 coniuncta
807 2657 949 2701 fuerit
983 2658 1050 2714 Γ]
1099 2656 1343 2699 conveniat
1374 2658 1413 2698 A
1473 2658 1478 2711 Ι
1536 2655 1624 2698 erit
1654 2655 1710 2712 A]
1757 2668 1840 2698 om.
1876 2658 1948 2695 Gv

262 2717 397 2758 erunt
428 2719 467 2759 A
512 2720 518 2769 Ι
562 2716 700 2760 amici
730 2730 893 2771 regum
920 2751 927 2758 .
957 2749 965 2757 .
992 2748 1002 2758 .
1029 2716 1087 2758 iis
1120 2720 1193 2771 (Νι
1219 2715 1311 2758 hiis
1335 2717 1386 2771 D)
1418 2714 1643 2759 insinuati
1674 2713 1833 2756 felices
1859 2746 1868 2754 .
1898 2747 1906 2755 .
1935 2747 1943 2755 .

259 2774 520 2818 moriuntur
551 2779 590 2819 A
715 2780 767 2818 16
802 2776 884 2818 sed
914 2789 996 2819 om.
1028 2779 1064 2816 D
1096 2775 1179 2817 sed.
1209 2775 1259 2817 in
1290 2788 1373 2818 om.
1406 2778 1444 2815 N
1567 2778 1619 2815 17
1651 2788 1697 2829 p.
1730 2771 1869 2814 XXV.
1904 2774 1943 2814 A

321 2837 375 2875 19
414 2849 458 2889 p.
491 2835 653 2879 XXVI.
687 2838 726 2887 A
879 2839 933 2878 22
972 2833 1190 2890 longaevi
1223 2835 1269 2876 et
1300 2832 1610 2888 implicabiles
1641 2831 1716 2875 vel
1745 2830 1944 2886 imprae—

261 2893 453 2937 stabiles
484 2899 519 2936 D
566 2893 781 2951 longaevi
813 2892 1136 2949 implacabiles
1169 2895 1216 2935 et
1246 2891 1620 2948 impraestabiles
1651 2895 1689 2932 N
1810 2893 1864 2932 23
1897 2903 1942 2944 p.

260 2952 439 2996 XXVII.
474 2955 557 3008 Aq.
593 2957 631 2996 A
