2066 3192
185 119 252 172 72
907 118 1136 164 FIRMICI

182 241 395 310 sintque
447 241 746 308 horoscopo
796 240 980 309 partili
1028 241 1321 294 radiatione
1375 242 1577 310 sociati,
1630 243 1866 296 infinitas

182 315 362 383 copias
410 333 528 367 cum
577 332 771 384 magna
815 314 1071 368 felicitate
1112 315 1420 385 decernunt,
1466 316 1780 385 praesertim
1822 317 1867 369 si

179 407 318 442 unus
366 389 429 443 de
478 388 683 441 duobus
729 388 784 440 id
831 391 910 441 est
949 391 1041 441 aut
1082 387 1342 442 Saturnus
1382 393 1474 442 aut
1510 388 1753 460 Iuppiter
1789 392 1868 443 lu-

129 467 304 519 3men
342 463 522 515 Lunae
562 463 846 516 crescentis
886 464 1164 532 exceperit.
1234 463 1386 517 Tunc
1423 464 1566 516 enim
1606 464 1866 518 Saturnus

180 538 510 590 infinitarum
562 536 940 606 (divitiarum)
990 555 1052 590 ac
1105 556 1419 608 magnarum
1471 539 1868 608 possessionum
1915 559 1934 592 5

182 612 417 665 dominia
468 611 721 682 largitur,
782 614 910 664 tunc
964 615 1227 664 sementes
1281 630 1438 682 agros
1493 616 1621 667 tunc
1674 631 1869 682 pascua

178 707 206 745 ¹>cz
228 706 253 735 *
274 706 299 735 *
342 685 716 753 silvestresque
768 685 1015 739 decernit.
1095 685 1375 738 Sacrarum
1425 688 1588 739 etiam
1639 705 1867 756 quarun-

182 762 302 814 dam
352 760 559 812 aedium
606 759 851 828 publicos
898 760 1247 814 fabricatores
1294 761 1514 830 efficiet,
1565 761 1665 832 [et]
1705 764 1766 814 ut
1806 780 1871 813 ex

182 835 285 887 ista
323 833 671 887 fabricatione
711 835 1003 886 maximum
1043 834 1292 888 meritum
1335 835 1610 905 dignitatis
1642 835 1869 889 accedat.

182 908 469 962 Fiscalium
525 910 686 961 etiam
743 909 1166 978 praestationum
1221 912 1492 962 exactores
1546 913 1639 962 aut
1694 927 1871 962 sacrae
1896 931 1938 964 10

182 984 342 1037 faciet
387 984 720 1052 praepositos
768 1001 1029 1051 annonae,
1081 986 1133 1035 et
1184 983 1239 1035 in
1290 983 1406 1036 istis
1454 984 1660 1037 actibus
1707 985 1871 1036 maxi-

131 1061 166 1112 4
183 1077 324 1110 mam
351 1057 557 1110 confert
579 1058 850 1126 potentiae
876 1057 1206 1127 dignitatem.
1249 1056 1383 1126 <In>
1409 1058 1677 1111 infinitum
1712 1059 1872 1111 etiam

184 1131 483 1200 superiores
523 1135 742 1200 paterna
774 1132 1034 1202 dignitate
1072 1133 1326 1202 perficiet,
1367 1133 1458 1186 sed
1494 1152 1592 1202 pro
1625 1151 1874 1185 mensura

184 1207 587 1274 substantiaque
620 1207 894 1276 geniturae
919 1206 1037 1259 aliis
1064 1207 1504 1276 procurationum
1529 1206 1723 1276 officia,
1754 1206 1872 1260 aliis

185 1300 250 1333 ex
287 1280 533 1333 maximis
573 1280 962 1333 hereditatibus
1003 1281 1295 1349 commoda,
1335 1281 1453 1333 aliis
1491 1282 1697 1335 confert
1726 1281 1874 1334 lucra
1898 1301 1940 1334 15

185 1375 250 1408 ex
304 1355 477 1407 alieno
533 1355 714 1407 labore
771 1355 1023 1423 quaesita.
1103 1353 1300 1407 Omnes
1355 1356 1453 1408 hos
1506 1359 1686 1408 tamen
1734 1355 1875 1424 apud

184 1432 428 1499 potentes
469 1431 522 1481 et
554 1429 813 1482 maximos
845 1429 988 1482 viros
1021 1429 1329 1499 incorrupta
1360 1430 1484 1482 fidei
1515 1430 1874 1483 insinuatione

133 1504 515 1559 5conmendat.
594 1502 651 1556 Si
698 1522 822 1556 vero
872 1503 1102 1556 Saturno
1150 1522 1211 1557 ac
1260 1503 1377 1556 Iovi
1423 1504 1690 1574 trigonica
1738 1505 1876 1557 sicut

187 1579 415 1631 diximus
462 1577 755 1630 radiatione
803 1578 1098 1631 coniunctis
1146 1578 1411 1647 aequabili
1451 1578 1745 1632 Mercurius
1785 1578 1875 1648 [ex

186 1653 311 1722 ista]
348 1652 642 1704 radiatione
681 1653 931 1722 sociatur,
970 1671 1238 1705 sacrarum
1279 1655 1331 1705 et
1370 1653 1757 1706 inaccessarum
1797 1671 1872 1705 re·
1900 1676 1943 1708 20

185 1727 450 1798 ligionum
503 1730 704 1779 secreta
751 1727 1043 1792 conmittit,
1091 1727 1278 1796 [it]aut
1331 1746 1644 1797 magnarum
1695 1727 1874 1780 civita-

187 1806 303 1854 tum
343 1803 428 1854 vel
465 1819 651 1871 regum
691 1801 821 1853 facit
860 1801 1038 1854 officia
1076 1804 1317 1869 tractare,
1357 1804 1410 1854 et
1445 1803 1576 1854 tales
1610 1819 1699 1854 eos
1730 1801 1875 1854 viros

308 1968 332 2005 2
381 1966 485 2017 163,
511 1966 569 2007 35
615 1962 1023 2019 πολυκτημοσύνης
1065 1963 1254 2019 ποιηταὶ
1295 1963 1355 2019 (5)
1395 1969 1478 2019 γῆς
1526 1962 1752 2019 σπορίμης
1798 1963 1878 2006 καὶ

188 2022 528 2080 ἀμπελοφύτων
575 2022 655 2066 καὶ
701 2019 931 2078 θεμελίων
978 2022 1058 2066 καὶ
1102 2021 1245 2066 οἴκων
1279 2056 1379 2076 ...,
1419 2024 1511 2079 (14)
1544 2021 1793 2078 ἐπιτροπῆς
1825 2021 1875 2066 δὲ

189 2082 268 2126 καὶ
299 2079 620 2138 κληρονομίας.
775 2086 829 2125 18
862 2085 966 2135 164,
991 2085 1019 2124 4
1059 2078 1415 2138 συγκρινόμενος
1448 2082 1498 2125 δὲ
1530 2081 1710 2132 τούτοις
1740 2081 1820 2125 καὶ
1852 2081 1875 2124 ὁ

182 2140 354 2198 εΕρμῆς
386 2144 457 2198 (21
474 2143 549 2197 ss.)
582 2140 822 2192 πολιτικὰς
853 2140 1001 2199 ἀρχὰς
1032 2139 1195 2184 δίδωσι
1228 2139 1307 2185 διὰ
1338 2140 1389 2184 τὸ
1422 2140 1700 2185 κοινωνικὸν
1727 2142 1817 2197 (20)
1850 2138 1876 2197 ἢ

189 2201 434 2258 μυστικοὺς
463 2199 658 2255 ποιήσει.
820 2205 873 2243 22
909 2205 1010 2255 164,
1038 2204 1064 2243 7
1104 2198 1131 2255 ἢ
1173 2198 1422 2256 φορολόγοι
1461 2199 1685 2258 βασιλέων
1723 2197 1878 2257 γίνον-

312 2339 333 2377 1
367 2333 613 2389 horoscopi
644 2347 756 2378 corr.
783 2351 810 2377 κ
848 2336 854 2388 Ι
903 2333 1065 2390 partili
1089 2337 1167 2375 AB
1199 2332 1434 2390 partiliter
1459 2338 1530 2376 (ἓν
1560 2332 1774 2389 partibus
1800 2335 1839 2376 Δ
1870 2333 1874 2392 Ι

191 2394 479 2436 infinitarum
522 2395 567 2436 Γ
606 2393 742 2448 (unde
785 2393 1054 2436 divitiarum
1094 2393 1199 2436 add.
1227 2394 1269 2448 a)
1411 2397 1435 2435 2
1468 2393 1673 2435 maxima
1705 2395 1744 2435 Δ

194 2458 218 2496 5
260 2454 363 2496 add.
392 2454 440 2506 ζ,·
475 2454 624 2508 possis
663 2457 702 2496 et
734 2452 974 2508 copiarum
1004 2454 1071 2496 vel
1109 2451 1388 2495 facultatum
1427 2454 1632 2509 supplere
1753 2457 1778 2495 6
1812 2465 1879 2494 se-

192 2515 347 2555 mente
372 2525 501 2554 sacro
527 2526 637 2556 corr.
665 2524 689 2554 6
720 2512 776 2565 cf.
800 2512 896 2556 Cat.
915 2513 975 2554 ΙΙ
997 2515 1100 2565 164,
1118 2515 1142 2554 1
1169 2516 1250 2567 γῆς
1274 2508 1513 2567 σπορίμης,
1536 2511 1659 2555 unde
1681 2511 1880 2555 conicias

194 2572 421 2615 sementes
454 2571 723 2615 adiectivum
756 2585 844 2614 esse
929 2574 952 2612 7
980 2571 1061 2614 lac.
1087 2575 1190 2614 stat.
1216 2574 1239 2622 ζ
1261 2569 1517 2625 (saltusque
1541 2570 1773 2614 silvestres
1799 2572 1842 2626 a)
1872 2571 1875 2627 Ι

195 2631 428 2674 silvestres
469 2630 548 2686 qui
587 2644 697 2674 corr.
726 2643 752 2672 6
791 2629 1024 2684 silvasque
1056 2632 1095 2672 Δ
1130 2630 1344 2686 (fortasse
1374 2631 1554 2686 rectius)
1677 2634 1702 2672 8
1735 2630 1819 2672 del.
1851 2645 1880 2672 v

193 2692 263 2744 (ut
295 2690 360 2732 eis
394 2691 465 2744 σζ)
589 2694 642 2732 12
676 2690 781 2733 add.
815 2705 842 2731 a.
965 2693 1016 2731 16
1050 2688 1133 2731 hos
1167 2702 1323 2731 omnes
1356 2691 1395 2731 Δ
1425 2691 1431 2745 Ι
1471 2689 1597 2745 apud
1628 2689 1677 2746 κ]
1710 2689 1791 2731 aut

198 2753 248 2792 17
294 2749 382 2791 fide
424 2763 533 2792 corr.
570 2763 595 2789 a
634 2748 764 2804 (fides
795 2750 850 2803 N)
974 2752 1026 2790 19
1061 2747 1150 2791 del.
1183 2763 1210 2790 a
1249 2749 1313 2804 (et
1351 2747 1452 2803 ipse
1483 2751 1522 2803 ζ)
1643 2751 1699 2790 20
1732 2747 1879 2790 socia—

195 2810 294 2850 tum
320 2810 358 2850 A
453 2813 506 2851 21
542 2807 793 2867 committit
816 2805 938 2862 AD2]
964 2807 1228 2850 committat
1259 2812 1334 2850 cet.
1358 2809 1404 2849 Γ
1431 2808 1684 2850 commutat
1708 2808 1748 2849 A
1778 2809 1782 2862 Ι
1811 2806 1879 2848 ita

195 2868 248 2909 ut
279 2880 391 2910 corr.
418 2868 441 2918 ζ
470 2866 554 2921 (ita
579 2869 626 2909 et
648 2869 692 2921 v)
785 2870 839 2909 22
873 2865 1050 2910 faciant
1081 2880 1193 2911 corr.
1220 2867 1243 2918 ζ
1273 2865 1465 2924 (facient
1495 2868 1547 2923 D)
1576 2869 1581 2923 Ι
1610 2879 1686 2910 eos
1719 2880 1801 2911 om.
1824 2867 1877 2919 Γ,

195 2926 316 2973 viros
349 2940 431 2969 om.
458 2928 496 2968 A
525 2926 812 2981 probabilius
