2084 3192
267 109 374 160 272
998 107 1227 153 FIRMICI

82 241 276 288 f01.98011
297 229 610 281 libidinibus
651 247 763 281 esse
803 230 1052 282 detectos.
1129 228 1248 282 Hoc
1285 229 1421 282 idem
1459 233 1512 282 et
1550 230 1606 282 in
1640 231 1956 284 mulieribus

265 303 650 372 pronuntiabis.
725 302 799 354 Et
838 304 883 355 si
924 303 1129 356 duobus
1169 305 1403 356 numeris
1444 305 1521 356 sic
1553 305 1692 357 sicut
1723 305 1955 358 diximus

265 377 587 444 constitutis,
625 375 777 429 Luna
816 380 870 428 et
907 376 1091 430 Venus
1131 377 1187 428 in
1225 377 1497 431 femininis
1537 378 1704 448 signis
1749 380 1957 447 positae

266 454 319 503 et
380 451 436 502 in
495 451 799 503 novissimis
862 451 970 503 sint
1024 452 1300 521 signorum
1354 451 1598 520 partibus
1652 452 1957 521 collocatae,

266 524 704 594 praecedentibus
759 524 934 594 [viris]
988 525 1225 577 numeris
1279 526 1335 577 in
1389 525 1661 578 femininis
1722 527 1955 579 inventis
2002 549 2022 582 5

215 599 452 668 9signis,
491 599 589 650 has
627 597 875 651 infamias
916 617 1037 652 cum
1084 599 1304 667 publica
1347 603 1477 652 nota
1522 601 1821 668 perficiunt.
1899 599 1958 653 Si
2006 611 2010 616 “

265 692 391 726 vero
430 690 540 725 non
576 673 740 724 fuerit
779 672 962 725 Venus
1002 691 1122 725 cum
1162 672 1328 741 Luna,
1368 674 1458 726 sed
1493 675 1620 743 <in>
1652 674 1956 743 vespertino

202 766 205 768 ·
268 751 388 800 ortu
428 748 741 814 constituta,
792 749 846 798 et
885 747 940 798 in
979 747 1223 799 feminini
1271 748 1411 817 signi
1452 747 1755 800 novissimis
1794 749 1957 817 parti-

265 821 366 873 bus
422 821 702 888 collocata,
756 820 964 874 Lunam
1027 820 1082 872 in
1134 821 1441 874 novissimis
1506 822 1647 892 signi
1709 823 1956 891 partibus

266 895 499 964 positam
529 895 786 963 quadrata
815 894 1109 947 radiatione
1140 896 1447 964 respexerit,
1478 896 1745 950 masculos
1786 896 1954 949 cinae·
1980 918 2023 951 10

268 970 377 1038 dos,
414 969 663 1021 mulieres
703 969 1005 1021 meretrices
1045 969 1263 1038 efficiet,
1310 970 1401 1021 sed
1441 970 1532 1038 qui
1572 971 1668 1023 has
1706 970 1956 1023 libidines

266 1044 493 1096 latenter
547 1061 756 1111 semper
809 1046 1101 1096 exerceant.
1188 1042 1247 1096 Si
1306 1062 1431 1096 vero
1495 1061 1559 1096 ex
1620 1044 1958 1113 praecedenti

265 1135 486 1170 numero
525 1117 783 1169 feminina
828 1117 1094 1169 inveneris
1142 1117 1317 1187 signa,
1364 1121 1417 1169 et
1463 1119 1548 1170 his
1597 1119 1672 1170 sic
1718 1121 1779 1170 ut
1825 1118 1958 1170 dixi-

267 1210 385 1243 mus
425 1191 800 1258 existentibus,
849 1189 1109 1243 Saturnus
1157 1192 1213 1244 in
1257 1191 1515 1244 feminino
1568 1192 1722 1262 signo
1764 1193 1959 1245 consti-

267 1270 415 1318 tutus
453 1265 659 1317 Lunam
706 1265 792 1318 vel
828 1264 1091 1317 Venerem
1139 1265 1399 1334 quadrata
1443 1266 1738 1318 radiatione
1784 1285 1958 1336 respe-
1982 1288 2023 1320 15

183 1339 251 1391 10
268 1340 420 1409 xerit‚
481 1339 642 1392 faciet
704 1339 966 1392 deformes
1027 1358 1287 1408 pauperes
1351 1340 1611 1393 cinaedos,
1712 1340 1770 1393 Si
1831 1358 1956 1392 vero

270 1413 516 1466 omnibus
555 1414 630 1466 sic
667 1416 730 1465 ut
777 1414 1007 1465 diximus
1049 1413 1329 1478 ordinatiS‚
1375 1413 1520 1467 Mars
1566 1432 1687 1468 curn
1728 1414 1957 1467 Saturno

268 1489 431 1540 fuerit
469 1488 732 1551 inventuS‚
773 1489 944 1557 gallos
983 1488 1144 1540 faciet
1183 1487 1430 1541 abscisos.
1510 1487 1567 1541 Si
1599 1507 1724 1541 vero
1764 1488 1849 1541 his
1883 1488 1959 1542 sic

270 1566 328 1614 ut
368 1562 599 1614 diximus
633 1561 904 1630 ordinatiS‚
945 1565 996 1613 et
1027 1564 1255 1630 utroque
1286 1580 1506 1614 numero
1539 1562 1721 1631 partili
1751 1562 1958 1615 ratione

270 1638 517 1703 collect0‚
556 1634 739 1688 Venus
787 1637 844 1687 in
890 1636 1196 1688 novissimis
1243 1636 1486 1704 partibus
1534 1638 1826 1689 constituta
1870 1635 1956 1689 Sa·
1981 1657 2025 1689 20

268 1714 485 1762 turnum
524 1709 858 1777 Martemque
904 1710 1177 1777 respiciat,
1225 1709 1470 1762 cinaedos
1517 1710 1699 1762 felices
1746 1711 1956 1778 efficiet,

271 1785 464 1853 quibus
502 1784 829 1852 templorum
861 1784 1038 1835 officia
1070 1783 1364 1851 credantur,
1404 1787 1495 1835 aut
1526 1784 1735 1836 nobiles
1774 1785 1958 1836 mulie-

183 1858 246 1910 11
268 1877 351 1911 res
405 1858 745 1910 meretricum
808 1857 966 1909 faciet
1027 1857 1173 1910 vitiis
1235 1858 1494 1927 inplicari.
1581 1857 1638 1910 Si
1699 1858 1842 1910 Mars
1905 1862 1958 1911 et

268 1933 560 1984 Mercurius
616 1935 668 1983 et
714 1930 897 1983 Venus
952 1934 1004 1983 et
1054 1931 1206 1983 Luna
1258 1932 1316 1983 in
1368 1932 1589 2000 tropicis
1644 1931 1811 2002 signis
1866 1935 1958 1984 aut

270 2005 428 2058 simul
471 2007 695 2072 fuerint,
749 2008 840 2057 aut
888 2006 1146 2073 quadrata
1201 2024 1254 2058 se
1309 2006 1603 2058 radiatione
1652 2006 1957 2075 respiciant,
1981 2026 2022 2058 25

268 2080 571 2132 meretrices
622 2080 885 2148 efficiunt,
947 2080 1038 2131 sed
1100 2079 1275 2132 studia
1328 2098 1507 2132 earum
1563 2098 1627 2131 ex
1681 2082 1957 2151 signorum

269 2154 524 2206 varietate
564 2157 853 2206 mutantur.
932 2151 987 2206 Si
1030 2154 1170 2206 enim
1209 2154 1265 2204 in
1305 2154 1575 2206 femininis
1616 2154 1783 2224 signis
1820 2154 1957 2206 sicut

271 2229 502 2279 diximus
539 2228 753 2296 fuerint,
793 2228 1095 2280 meretrices
1129 2227 1384 2296 efficiimt,
1425 2228 1470 2280 si
1501 2245 1625 2280 vero
1665 2230 1720 2280 in
1753 2246 1955 2280 mascu-

184 2302 251 2353 12
269 2302 392 2354 linis
447 2302 726 2372 viragines.
805 2301 862 2353 Si
916 2301 1067 2353 Luna
1129 2320 1248 2353 cum
1302 2301 1473 2353 Marte
1529 2306 1581 2353 et
1634 2301 1840 2354 Venere
1901 2303 1957 2354 in

391 2497 413 2534 1
449 2491 656 2534 detectos
688 2492 748 2547 Δ]
784 2463 1003 2533 ᾱθᾶὲοὴοε
1036 2495 1073 2532 Α
1106 2491 1309 2534 deiectos
1342 2495 1423 2533 BG
1559 2497 1583 2533 2
1619 2491 1709 2534 Sed
1741 2492 1788 2534 et
1820 2490 1858 2533 si
1890 2493 1915 2542 ζ

271 2550 337 2593 sic
361 2565 443 2594 om.
470 2552 552 2592 AB
675 2555 701 2591 4
735 2549 852 2592 etin
877 2563 959 2593 om.
987 2552 1025 2592 Δ
1061 2549 1108 2592 in
1133 2565 1216 2594 om.
1243 2554 1275 2592 B
1398 2555 1423 2594 5
1457 2551 1538 2594 del.
1565 2554 1589 2602 ζ
1618 2550 1842 2607 (utrisque
1875 2552 1917 2603 σ)

269 2609 472 2652 numeris
498 2610 598 2666 An]
631 2623 848 2651 numerus
907 2611 912 2663 Ι
970 2609 1019 2651 in
1046 2623 1129 2652 om.
1156 2612 1195 2652 Δ
1321 2615 1343 2653 7
1379 2611 1483 2653 add.
1513 2625 1540 2652 a
1660 2613 1685 2651 8
1718 2608 1955 2652 femininis

270 2668 416 2723 signis
449 2682 560 2711 corr.
595 2684 621 2709 a
744 2673 767 2710 9
802 2667 1030 2710 collocata
1063 2669 1115 2725 B]
1157 2668 1435 2711 collocatam
1477 2671 1483 2724 Ι
1528 2668 1764 2724 signorum
1795 2669 1834 2709 A

273 2732 326 2769 10
358 2726 639 2770 masculinos
669 2729 755 2768 AG
886 2731 940 2768 14
974 2728 1254 2770 constitutus
1287 2742 1370 2771 om.
1396 2730 1436 2770 Δ
1568 2732 1621 2770 15
1654 2727 1833 2769 Lunam
1863 2727 1953 2784 Bv]

271 2786 401 2828 Luna
457 2788 464 2842 Ι
521 2785 677 2828 Venus
713 2788 797 2828 AA
931 2790 982 2827 17
1017 2785 1162 2843 (his)
1196 2786 1409 2829 omnibus
1441 2790 1466 2838 ζ
1594 2791 1647 2828 21
1681 2784 1823 2828 faciet
1854 2787 1893 2827 Δ

271 2849 326 2887 24
352 2844 605 2887 Mercurius
631 2844 785 2896 Venus
810 2843 906 2885 A‘n
942 2846 947 2901 Ι
984 2846 1064 2887 aut
1089 2859 1171 2888 om.
1198 2847 1236 2887 A
1360 2850 1415 2888 25
1449 2859 1496 2888 se
1521 2859 1602 2889 om.
1630 2846 1668 2886 A
1793 2848 1847 2886 26
1881 2856 1956 2887 eo-

270 2918 371 2945 rum
403 2918 514 2947 corr.
541 2919 568 2945 a
690 2907 742 2945 27
778 2902 919 2960 enim]
955 2905 1109 2946 autem
1138 2905 1230 2948 sive
1260 2917 1364 2947 vero
1399 2917 1436 2947 6.
