2066 3192
236 135 306 186 38
959 135 1187 180 FIRMIGI

148 255 218 308 26
236 257 441 308 affectu,
511 256 686 308 Erunt
718 275 842 309 sane
875 256 1079 309 cordati
1111 256 1352 309 doctrina
1384 275 1442 309 ac
1475 258 1736 322 sapientia
1766 257 1926 326 pleni,

235 330 418 382 multis
446 330 884 398 occupationibus
918 330 1099 399 dediti,
1131 334 1182 382 et
1214 331 1385 382 multa
1409 335 1734 400 appetentes,
1765 331 1927 400 (sed)

237 408 289 462 et
329 423 393 456 ex
431 405 516 456 his
557 422 902 472 quaecunque
944 405 1172 457 assecuti
1206 404 1421 474 fuerint,
1461 406 1584 474 <et>
1614 404 1926 474 patrimonii

236 477 318 530 sui
361 477 714 530 substantiam
757 478 1114 548 dissipabunt,
1166 482 1219 530 et
1266 497 1363 547 pro
1411 478 1529 533 aliis
1571 480 1762 532 damna
1800 479 1924 531 assi-

74 564 249 607 fot-⁶101
270 552 372 604 dua
412 552 775 619 sustinebunt,
822 555 875 604 et
921 554 977 605 in
1015 552 1101 603 his
1141 552 1272 621 ipsis
1313 556 1467 606 erunt
1507 554 1744 622 captiosa
1783 553 1926 606 falsi·
1973 575 1994 606 5

235 629 343 678 tate
383 625 644 678 fallentes
722 625 897 678 Erunt
944 626 1105 678 etiam
1156 627 1326 694 parati
1371 645 1432 680 ac
1471 627 1696 696 proiecti
1735 627 1801 679 ad
1839 645 1927 696 pe-

187 721 190 723 ·
234 699 416 768 ricula,
457 700 510 751 in
551 699 780 768 publicis
822 700 1101 752 constituti
1139 700 1286 753 10618.
1365 699 1539 753 Erunt
1577 701 1926 770 popularibus

235 773 425 826 studiis
473 773 742 843 inplicati,
795 775 912 827 noti
968 775 1213 827 omnibus
1269 777 1321 827 et
1377 775 1624 828 omnibus
1678 775 1926 828 intimati.

234 847 509 900 Dolebunt
549 867 611 900 ex
652 849 962 900 infortuniis
1001 849 1260 917 filiorum,
1300 851 1353 901 et
1393 849 1728 918 dissipabunt
1766 851 1927 918 patri-

236 922 498 986 monium,
548 940 667 974 cum
705 922 834 990 <111>
873 922 1085 974 cardine
1130 924 1408 994 geniturae
1455 924 1541 976 vel
1588 942 1704 985 cum
1746 924 1801 975 in
1841 942 1927 976 ne·
1952 945 1995 978 ιο

238 997 477 1050 cessariis
532 996 664 1050 locis
720 995 981 1050 Saturnus
1035 997 1198 1050 fuerit
1252 997 1514 1050 inventus
1593 997 1818 1060 Quidam
1874 1001 1926 1050 et

238 1071 423 1123 affines
471 1089 592 1123 suas
641 1071 932 1123 sortientur
977 1089 1183 1124 uxores
1261 1071 1551 1124 Habebunt
1591 1073 1724 1124 vitia
1771 1075 1822 1124 et
1870 1073 1927 1124 in

147 1144 215 1195 27
235 1145 547 1197 necessariis
580 1145 815 1213 corporis
848 1145 981 1198 locis
1014 1146 1254 1198 assiduos
1288 1146 1511 1200 dolores.
1579 1145 1780 1208 Quodsi
1811 1147 1927 1214 ipse

236 1219 482 1272 dominus
530 1222 831 1287 temporum
878 1220 1061 1287 fuerit,
1113 1219 1215 1272 sibi
1256 1220 1549 1289 ceterisque
1589 1222 1757 1273 stellis
1798 1221 1927 1274 divi-

236 1293 364 1345 dens
410 1296 674 1362 tempora,
722 1298 877 1346 erunt
924 1295 979 1346 in
1028 1294 1477 1348 sollicitudinibus
1517 1295 1574 1346 in
1619 1294 1828 1348 iniuriis
1877 1298 1930 1347 et
1954 1316 1994 1349 15

235 1368 292 1419 in
330 1367 874 1437 peregrinationibus,
922 1369 1034 1420 sine
1082 1387 1239 1420 causa
1286 1368 1730 1438 peregrinationis
1772 1370 1927 1422 susti-

235 1445 420 1494 nentes
460 1442 811 1511 incommoda,
852 1445 904 1494 et
943 1444 998 1494 in
1037 1442 1236 1496 talibus
1277 1447 1431 1495 erunt
1466 1443 1731 1513 periculis7
1770 1447 1831 1496 ut
1862 1444 1928 1497 ad

236 1515 406 1568 multa
446 1516 750 1568 discrimina
790 1517 1056 1570 accedant.
1135 1517 1359 1580 Quidam
1407 1518 1547 1570 enim
1588 1536 1652 1570 ex
1691 1517 1814 1570 altis
1853 1518 1924 1570 lo-

239 1590 312 1643 cis
346 1593 439 1642 aut
471 1608 534 1642 ex
565 1590 893 1660 praecipitiis
925 1590 1200 1643 habebunt
1230 1592 1482 1661 pericula,
1522 1594 1614 1644 aut
1646 1611 1710 1644 ex
1741 1591 1927 1645 bestiis

235 1667 328 1716 aut
377 1682 441 1716 ex
497 1664 835 1733 quadrupede
883 1668 975 1716 aut
1021 1684 1085 1717 ex
1133 1684 1292 1734 aqua,
1347 1669 1401 1717 et
1447 1666 1526 1719 sic
1572 1669 1694 1718 ante
1744 1667 1927 1719 oculos
1952 1687 1995 1719 20

238 1757 360 1791 suos
407 1738 597 1791 mortis
637 1739 897 1791 videbunt
943 1739 1179 1808 pericula
1225 1741 1417 1808 posita,
1463 1744 1524 1793 ut
1571 1743 1700 1793 tunc
1740 1758 1794 1792 se
1833 1759 1927 1809 pu-

149 1810 218 1863 28
235 1815 353 1865 tent
384 1812 576 1864 iterum
608 1816 833 1865 renatos,
874 1812 1105 1866 Venient
1137 1814 1202 1865 ad
1235 1818 1575 1882 conspectum
1610 1832 1926 1885 magnorum

237 1904 298 1939 ac
343 1889 622 1955 potentum
670 1887 930 1955 virorum,
976 1891 1028 1939 et
1076 1905 1194 1939 cum
1235 1888 1376 1956 apud
1415 1889 1560 1956 ipsos
1598 1888 1801 1942 fuerint
1839 1908 1927 1958 ap-

237 1961 416 2030 petiti,
465 1960 578 2029 [ab]
621 1979 803 2013 eorum
842 1962 1135 2014 liberantur
1175 1963 1385 2014 auxilio.
1463 1962 1536 2015 Et
1576 1981 1695 2015 cum
1736 1963 1801 2014 ab
1841 1963 1927 2015 his

240 2035 487 2087 omnibus
542 2035 742 2086 fuerint
795 2035 1046 2104 periculis
1102 2035 1335 2103 liberati,
1389 2036 1661 2089 felicitatis
1715 2036 1926 2107 gaudiis
1951 2058 1993 2090 25

239 2109 598 2161 sublevantur.
676 2109 851 2162 Erunt
891 2128 1015 2162 sane
1056 2111 1390 2179 contentiosi,
1430 2114 1483 2162 et
1523 2112 1614 2179 qui
1654 2129 1926 2179 nunquam

238 2183 447 2251 possint
486 2183 704 2251 pudoris
744 2184 1115 2236 verecundiam
1157 2186 1431 2237 sustinere.
1501 2184 1677 2238 Erunt
1708 2185 1927 2237 humani

358 2345 463 2386 2et
495 2357 577 2387 om.
606 2347 674 2385 ov
705 2349 809 2387 ante
841 2344 999 2386 multis
1024 2358 1133 2400 pon.
1164 2348 1169 2401 Ι
1197 2349 1232 2386 D
1265 2346 1371 2389 add.
1397 2348 1421 2396 ζ
1547 2350 1571 2388 3
1606 2345 1761 2389 allecti
1794 2347 1928 2390 erunt

238 2415 349 2445 corr.
377 2405 401 2453 ζ
424 2404 504 2457 (an
529 2402 801 2445 consecuti?
834 2404 884 2446 cl.
912 2407 985 2457 39,
1010 2416 1042 2446 8.
1069 2407 1128 2459 21)
1158 2404 1161 2461 ξ
1198 2404 1304 2447 add.
1331 2407 1355 2456 ζ
1377 2404 1670 2462 (collegerint
1700 2419 1794 2448 una
1819 2419 1925 2448 cum

237 2476 280 2516 p.
302 2475 334 2503 s.
363 2460 626 2503 substantia
653 2463 695 2517 a)
723 2462 803 2505 sed
829 2475 883 2505 ex
908 2462 981 2505 his
1005 2454 1329 2518 quamcunque
1360 2466 1458 2507 sine
1490 2463 1668 2523 <et>u
1797 2469 1824 2506 4
1857 2464 1926 2506 8111

239 2533 321 2563 om.
349 2522 388 2562 Δ
498 2524 522 2561 5
554 2520 627 2563 his
656 2521 721 2578 Γ]
748 2520 806 2564 118
830 2523 870 2564 Δ
972 2525 996 2563 6
1030 2523 1120 2579 leye
1143 2521 1318 2577 pericla
1342 2524 1530 2578 itemque
1555 2524 1580 2565 Ζ.
1602 2527 1672 2567 17.
1692 2527 1764 2567 19,
1781 2527 1839 2567 21
1865 2524 1925 2567 al.

240 2582 265 2620 8
306 2578 404 2621 noti
451 2578 663 2622 omnibus
696 2579 742 2637 a]
781 2579 1051 2623 notionibus
1206 2585 1259 2623 10
1292 2581 1398 2624 add.
1426 2594 1453 2623 a
1488 2585 1493 2637 Ι
1530 2582 1718 2625 cardine
1750 2583 1796 2640 a]
1830 2596 1925 2625 car-

241 2637 396 2680 dinem
426 2640 471 2680 Γ
499 2638 710 2682 cardines
737 2641 775 2682 Δ
810 2639 1076 2682 cardinibus
1102 2653 1127 2682 6
1166 2642 1170 2695 Ι
1210 2640 1470 2684 necessaria
1501 2640 1605 2708 loca
1630 2643 1668 2684 A
1793 2645 1843 2684 11
1880 2643 1926 2685 et

240 2710 322 2740 om.
354 2699 398 2739 Γ
545 2702 597 2739 13
639 2697 850 2742 assiduos
890 2712 972 2742 om.
1003 2701 1049 2742 Γ
1085 2700 1090 2755 Ι
1133 2699 1233 2755 ipse
1269 2700 1334 2757 Γ]
1371 2700 1524 2754 ipsum
1557 2699 1740 2756 signum
1765 2702 1805 2743 A

243 2759 296 2798 14
323 2754 534 2798 divident
557 2770 668 2800 corr.
695 2774 722 2800 κ
846 2762 899 2800 16
926 2757 1042 2814 81116]
1071 2758 1166 2801 sive
1191 2757 1238 2799 A‘
1253 2762 1287 2799 G
1394 2763 1446 2801 18
1472 2758 1643 2802 multos
1677 2759 1924 2803 discrimen

242 2814 435 2856 accedat
464 2817 510 2857 Γ
536 2816 730 2859 accedat
754 2821 794 2859 et
818 2822 871 2927 1)g
886 2818 1064 2871 (mortis
1091 2817 1338 2860 discrimen
1364 2817 1591 2861 accedant
1615 2819 1655 2873 σ)
1756 2822 1811 2860 23
1844 2831 1924 2873 po-

241 2872 442 2916 tentium
475 2876 514 2916 A
638 2879 692 2916 24
733 2876 814 2918 del.
847 2877 924 2930 ζΙ
975 2875 1148 2918 auxilio
1188 2875 1447 2919 liberantur
1478 2875 1526 2918 A'
1569 2875 1741 2919 auxilio
1772 2890 1856 2921 om.
1883 2879 1922 2920 A

243 2930 444 2987 (insidiis
476 2931 732 2976 liberantur
763 2936 818 2989 N)
911 2939 965 2976 ⁴25
998 2934 1184 2990 gaudiis
1223 2935 1287 2992 Γ]
1320 2935 1468 2990 gradu
1502 2938 1540 2980 A
