2090 3198
286 147 396 200 340
1019 146 1252 191 FIRMIGI

287 268 479 336 ximOS,
531 269 622 335 qui
677 269 856 319 omnia
907 267 1195 320 efficaciter
1246 267 1544 336 conpleant.
1621 267 1684 320 In
1723 271 1873 337 parte
1911 268 1979 322 Π.

205 395 211 406 ,
291 341 569 412 Sagittarii
609 341 934 425 quicumque
972 341 1259 394 habuerint
1297 341 1673 411 horoscopum,
1713 346 1870 395 erunt
1899 344 1980 395 fu-

285 416 417 469 riosi
460 415 662 484 periuri
703 415 962 485 sacrilegi.
1016 413 1080 467 In
1117 419 1271 484 parte
1307 414 1399 468 III.
1434 415 1711 486 Sagittarii
1745 417 1979 485 quicum-

288 508 407 566 que
452 489 740 541 habuerint
791 489 1167 558 horoscopum,
1228 508 1395 542 unum
1458 490 1671 542 oculum
1735 490 1980 574 quolibet

234 564 268 615 2
287 581 478 634 genere
541 563 778 632 perdent.
854 562 919 615 In
972 566 1123 632 parte
1176 562 1267 616 IV.
1318 562 1595 634 Sagittarii
1657 565 1979 633 quicumque
2027 586 2046 617 5

283 637 571 690 habuerint
602 638 977 706 horoscopum,
1014 640 1169 690 erunt
1207 641 1679 691 monumentorum
1719 639 1979 691 custodes,

208 762 212 764 ,
283 710 349 764 In
395 714 548 781 parte
588 710 653 763 V.
696 710 976 781 Sagittarii
1025 712 1349 780 quicumque
1394 706 1682 765 habuerint
1727 712 1980 766 horosco-

283 805 429 855 pum,
480 789 636 838 erunt
675 785 858 853 inpuri
897 785 1135 854 inpudici
1179 785 1360 838 miseri
1409 805 1470 839 ac
1509 786 1682 854 turpis
1730 787 1980 839 infamiae

283 859 403 912 labe
449 860 660 928 polluti.
737 858 801 911 In
851 863 1003 928 parte
1052 857 1145 913 VI.
1189 859 1465 929 Sagittarii
1517 861 1839 929 quicumque
1889 861 1979 914 ha-

283 933 500 986 buerint
537 934 914 1002 horoscopum,
955 937 1110 985 erunt
1148 935 1279 986 vatii
1319 934 1468 986 tibiis
1506 935 1735 987 varicosi
1773 935 1980 987 biotha-
2004 958 2047 988 ιο

283 1007 410 1061 nati.
477 1006 542 1059 In
582 1010 733 1075 parte
764 1005 883 1059 VII.
919 1006 1198 1078 Sagittarii
1240 1009 1562 1076 quicumque
1601 1009 1848 1061 habuerit
1885 1009 1980 1061 ho-

282 1099 588 1150 roscopum,
642 1099 703 1133 eo
759 1082 976 1134 nomine
1031 1082 1133 1134 erit
1187 1083 1361 1134 iustus
1423 1082 1723 1152 religiosus,
1778 1086 1831 1135 et
1893 1085 1980 1136 cui

283 1155 500 1225 publica
538 1155 736 1208 iudicia
775 1156 1070 1224 credantur,
1111 1157 1186 1208 ita
1223 1160 1284 1208 ut
1324 1156 1387 1208 de
1427 1160 1724 1209 ceterorum
1773 1161 1978 1210 senten-

231 1229 266 1281 3
285 1231 362 1283 tia
408 1230 622 1283 iudicet.
699 1228 764 1281 In
809 1232 960 1299 parte
999 1229 1145 1282 VIII.
1196 1229 1473 1301 Sagittarii
1521 1231 1844 1300 quicumque
1889 1231 1979 1283 ha-

283 1304 498 1356 buerint
550 1306 926 1373 horoscopum,
981 1304 1026 1356 si
1072 1303 1316 1374 Iuppiter
1362 1305 1419 1356 in
1465 1305 1582 1373 ipsa
1626 1308 1778 1373 parte
1818 1306 1979 1358 fuerit
2004 1327 2045 1359 15

283 1379 548 1445 inventuS‚
589 1381 744 1430 erunt
783 1379 1030 1448 longaevi
1070 1378 1325 1448 religiosi,
1365 1382 1418 1431 et
1457 1379 1596 1431 inter
1636 1379 1822 1431 affines
1855 1398 1978 1432 suos

283 1453 445 1522 primi
486 1453 779 1521 suscipient
815 1453 971 1505 filios.
1049 1452 1226 1505 Erunt
1271 1453 1590 1523 interpretes
1638 1470 1847 1522 regum,
1893 1454 1979 1506 vel

284 1526 531 1595 magistri
571 1527 789 1595 scribae,
830 1543 1111 1610 sacrarum
1129 1528 1430 1580 litterarum
1462 1530 1753 1611 tractantes
1787 1528 1976 1580 officia.

283 1678 392 1744 tur3
432 1674 573 1726 bona
610 1677 783 1727 morte
826 1674 1086 1726 deficient.
1150 1674 1215 1728 In
1245 1678 1395 1743 parte
1427 1674 1518 1728 IX.
1554 1675 1830 1745 Sagittarii
1863 1677 1976 1744 qui·
2002 1697 2044 1729 20

285 1766 511 1816 cumque
551 1748 839 1800 habuerint
877 1749 1253 1818 horoscopum,
1301 1753 1457 1801 erunt
1502 1749 1761 1819 astrologi
1810 1750 1976 1802 divini

285 1822 463 1874 enthei
519 1823 747 1874 cultores
804 1823 1037 1875 deorum.
1116 1823 1178 1875 In
1233 1826 1384 1891 parte
1434 1823 1496 1875 X.
1541 1823 1819 1893 Sagittarii
1866 1825 1978 1892 qui-

286 1914 511 1964 cumque
551 1896 799 1948 habuerit
829 1896 1207 1965 horoscopum,
1247 1897 1347 1949 erit
1379 1898 1581 1950 athleta
1612 1897 1976 1966 oplomachus.

231 1969 348 2022 4111
394 1973 544 2038 parte
591 1969 1002 2040 XLSagittarii
1058 1970 1380 2039 quicumque
1433 1972 1682 2024 habuerit
1730 1972 1978 2025 horosco-

285 2063 429 2113 pum,
475 2046 531 2096 in
579 2044 720 2096 bello
767 2063 1046 2112 percussus
1093 2046 1362 2097 morietur.
1439 2044 1502 2098 In
1541 2049 1692 2114 parte
1732 2045 1848 2098 XII.
1890 2046 1978 2098 Sa·
2002 2067 2043 2099 25

287 2118 495 2188 gittarii
544 2119 866 2186 quicumque
912 2119 1198 2171 habuerint
1237 2120 1610 2188 horoscopum,
1650 2124 1806 2172 erunt
1843 2119 1977 2188 peri-

289 2191 456 2244 culosi
495 2193 779 2260 temerarii,
818 2196 872 2245 et
911 2193 1005 2261 qui
1043 2197 1386 2262 praepostero
1435 2194 1743 2263 cupiditatis
1792 2195 1976 2246 ardore

286 2266 353 2317 ad
394 2284 548 2318 omne
587 2267 796 2318 facinus
836 2266 1062 2319 libenter
1102 2268 1368 2320 accedant.
1431 2267 1493 2320 In
1525 2271 1675 2336 parte
1707 2266 1848 2320 XIII.
1886 2266 1976 2319 Sa-

407 2415 429 2452 1
463 2410 519 2454 11.
543 2426 587 2466 p.
623 2410 664 2454 S.
699 2415 736 2453 A
770 2411 824 2454 II.
860 2411 900 2455 S.
933 2427 977 2468 p.
1013 2417 1085 2454 Gv
1206 2418 1231 2456 2
1264 2413 1505 2456 habebunt
1536 2416 1575 2456 Δ
1702 2418 1726 2456 3
1760 2413 1977 2470 sacrilegi

285 2469 461 2526 periuri
493 2472 533 2512 Δ
593 2473 600 2526 Ι
655 2470 731 2514 ΠΙ.
766 2471 869 2527 Sag.
904 2473 1037 2526 parte
1066 2473 1113 2516 Γ
1139 2478 1179 2516 et
1208 2474 1274 2516 sie
1303 2487 1475 2528 semper
1502 2475 1596 2516 nisi
1627 2474 1760 2516 aliter
1788 2477 1977 2517 notatur

347 2534 373 2571 4
406 2529 603 2584 perdent
635 2529 985 2583 quomodolibet
1016 2545 1158 2573 unum
1191 2531 1377 2574 oculum
1409 2534 1448 2574 Δ
1612 2536 1665 2575 10
1697 2531 1813 2574 vatii
1844 2531 1974 2574 tibiis

287 2591 312 2639 ζ
342 2587 495 2643 (vatiis
521 2590 552 2631 t.
579 2589 640 2645 κ)]
676 2588 777 2630 nati
801 2589 932 2631 tibiis
959 2589 1009 2630 A'
1040 2591 1140 2632 nati
1166 2590 1301 2633 cibiis
1328 2595 1362 2632 G
1394 2590 1495 2634 nati
1519 2590 1649 2634 cibus
1673 2596 1708 2633 D
1740 2590 1974 2634 uaticibus

287 2651 326 2688 N
358 2649 519 2702 (nanos
546 2647 711 2704 gibbos
737 2650 779 2703 a)
839 2653 843 2702 1
902 2648 1052 2691 varios
1077 2655 1111 2690 D
1144 2649 1315 2692 variosi
1341 2654 1374 2691 G
1519 2655 1570 2692 11
1604 2649 1854 2693 habuerint
1886 2652 1974 2692 ΔΑ

350 2710 403 2748 12
438 2719 490 2748 eo
522 2706 707 2748 nomine
740 2708 823 2750 del.
850 2723 876 2748 a
907 2708 1043 2752 homo
1071 2722 1095 2750 σ
1227 2713 1279 2751 13
1312 2709 1554 2752 sententiis
1586 2724 1615 2750 v
1745 2714 1798 2751 17
1832 2709 1975 2752 susci-

287 2763 469 2818 pientes
507 2767 552 2807 Γ
699 2770 752 2808 18
784 2766 988 2808 ministri
1019 2783 1046 2808 κ
1104 2769 1109 2822 Ι
1168 2767 1323 2810 officia
1353 2769 1609 2810 tractantes
1642 2770 1681 2810 Δ
1835 2772 1888 2811 19
1925 2768 1974 2810 in

287 2836 412 2877 proc.
439 2823 489 2864 A'
621 2827 676 2866 20
711 2824 927 2867 deficient
955 2826 1021 2882 Γ]
1054 2826 1310 2869 morientur
1332 2832 1367 2868 D
1399 2827 1622 2870 morietur
1644 2831 1685 2868 N
1806 2831 1859 2868 23
1893 2827 1972 2869 ho-

288 2881 558 2935 plomaehus
591 2882 704 2924 D2v'
732 2883 997 2938 oplomacus
1034 2887 1080 2927 Γ
1122 2885 1420 2940 aplomachus
1452 2890 1490 2927 N
1537 2885 1883 2941 oplothemacus
1917 2886 1975 2927 D¹

350 2944 404 2982 26
438 2941 654 2983 habuerit
685 2946 765 2983 AD
888 2947 942 2985 28
974 2943 1155 2987 facinus
1188 2946 1293 3001 AG]
1327 2944 1456 2987 nefas
1489 2943 1541 2986 A'
