2066 3192
792 152 835 197 V
867 157 908 208 ὁ,
931 157 1057 209 6-6,
1080 166 1103 197 4
1727 155 1795 209 61

225 274 423 344 [Luna
459 274 524 326 in
562 273 810 327 finibus
851 273 1152 343 Saturni]
1222 272 1281 326 Si
1318 273 1471 327 Luna
1509 275 1567 327 in
1604 275 1857 329 finibus?

115 347 331 401 Saturni
370 348 533 402 fuerit
571 347 788 401 inventa
834 351 927 401 aut
965 347 1020 400 in
1061 347 1258 401 decano
1299 366 1410 416 SUO,
1449 352 1503 401 et
1541 350 1612 402 sit
1646 349 1805 419 plena

112 421 421 488 luminibu3‚
460 421 591 474 facit
629 421 913 493 languidos
951 421 1181 492 frigidos
1220 426 1274 475 et
1309 423 1488 476 animo
1519 423 1722 493 pariter
1753 427 1805 476 et

113 513 350 565 corpore,
382 499 435 548 et
467 497 559 563 qui
591 495 657 547 ab
691 496 837 548 omni
870 497 980 549 sint
1011 495 1233 550 audacia
1263 497 1510 566 separati,
1548 496 1805 551 habentes

67 592 87 624 ο
112 573 291 622 tamen
331 571 607 640 ingenium
647 570 966 623 temeritatis
999 570 1188 623 ardore
1219 591 1244 619 *
1265 591 1290 619 »ι
1312 593 1334 617 *
1356 592 1382 619 *
1404 591 1454 640 ιιι,
1494 574 1546 624 et
1578 590 1805 640 quorum

111 645 367 697 intestina
405 643 588 715 frigidi
627 643 868 698 humoris
907 648 1175 697 tormenta
1214 645 1510 698 conficiant.
1583 644 1640 699 Si
1679 664 1804 699 vero

110 718 275 772 fuerit
319 718 526 771 minuta
571 718 887 788 luminibuS‚
933 719 1065 772 facit
1103 719 1238 772 tales
1279 738 1507 788 quorum
1547 719 1809 773 desideria

112 796 165 846 et
204 796 352 846 actus
399 811 673 861 nunquam
713 810 967 862 prospere
1014 797 1269 862 sequatur
1315 797 1536 847 eventus
1546 837 1560 864 ,
1611 798 1664 848 et
1711 796 1806 864 qui

111 867 304 920 amissa
352 867 663 936 patrimonii
711 867 965 920 facultate
1016 868 1212 920 misero
1263 868 1597 938 paupertatis
1649 887 1807 922 onere

44 961 87 995 ιο
111 940 493 1010 deprimantur,
539 941 719 994 tardos
766 942 821 994 ‘m
869 941 1118 995 omnibus
1165 942 1374 995 actibus
1421 946 1476 995 et
1521 942 1805 1013 languidos

112 1016 290 1068 animo
336 1015 539 1084 pariter
584 1018 638 1068 et
686 1034 920 1085 corpore.
997 1014 1150 1069 Alios
1193 1016 1458 1085 pthisicos
1497 1017 1630 1070 alios
1671 1017 1806 1087 sple-

109 1090 314 1143 neticos
352 1090 562 1159 efficiet,
601 1090 830 1143 aliorum
867 1108 1020 1144 renes
1054 1089 1243 1144 acerbo
1284 1091 1467 1144 dolore
1507 1091 1807 1161 discruciat,

110 1163 245 1217 alios
285 1164 575 1232 inportuna
614 1165 889 1235 sanguinis
929 1165 1239 1234 profusione
1279 1164 1540 1219 debilitat.

223 1252 420 1323 [Luna
457 1254 522 1306 in
560 1253 805 1306 finibus
843 1252 1054 1324 Iovis]
1100 1253 1158 1307 Si
1196 1254 1350 1307 Luna
1388 1256 1444 1307 in
1483 1254 1683 1308 finibus
1722 1253 1856 1308 Io-3

43 1346 85 1380 ιε
109 1327 191 1380 vis
230 1328 316 1380 vel
354 1327 411 1380 in
450 1327 646 1380 decano
685 1328 850 1381 fuerit
896 1330 1136 1398 inventa,
1184 1333 1237 1382 et
1274 1330 1416 1398 (sit)
1454 1330 1613 1398 plena
1650 1329 1805 1383 lumi·

107 1401 282 1471 nibuS,
320 1401 483 1455 faciet
519 1401 764 1455 homines
802 1403 1058 1455 honestos
1098 1403 1355 1470 efficace3‚
1395 1407 1448 1456 et
1488 1403 1580 1472 qui
1621 1422 1806 1457 omnes

111 1480 262 1529 actus
286 1477 558 1545 prosperis
583 1495 789 1545 semper
819 1477 1119 1530 rationibus
1153 1465 1452 1547 eonpleaxss,
1483 1478 1805 1547 patrimonia

108 1549 327 1619 propria
365 1550 468 1603 sibi
506 1552 705 1604 virtute
746 1554 1072 1620 quaerentes,
1142 1550 1297 1605 Alios
1330 1552 1598 1605 mercandi
1630 1554 1806 1623 gratia

108 1624 176 1676 ad
221 1625 502 1694 peregrina
549 1625 695 1678 ducit
742 1625 876 1680 loca.
970 1624 1028 1679 Si
1072 1645 1198 1679 vero
1254 1626 1417 1679 fuerit
1464 1627 1672 1679 minuta
1725 1627 1803 1680 lu-

42 1717 87 1751 30
109 1698 340 1751 minibus
349 1741 363 1767 ‚
415 1717 479 1751 ex
536 1704 708 1753 morte
765 1704 1047 1770 parentum
1105 1701 1401 1754 infortunia
1454 1701 1690 1754 decernit
1752 1705 1805 1753 et

110 1773 363 1826 orbitates
411 1777 465 1825 et
513 1775 897 1843 patrimonium
958 1776 1178 1828 minuet.
1262 1774 1584 1829 Mediocrem
1640 1776 1806 1828 vitam

109 1865 230 1899 cum
278 1847 506 1916 quadam
545 1847 848 1902 humilitate
888 1849 1137 1918 decernit,
1186 1852 1279 1901 aut
1323 1867 1610 1903 nervorum
1659 1849 1804 1903 dolo·

108 1939 192 1974 res
233 1921 441 1986 efficiet,
482 1921 527 1975 si
566 1924 624 1976 in
670 1923 1042 1976 malivolarum
1098 1926 1374 1977 stellarum
1421 1924 1589 1994 signis
1644 1924 1807 1977 fuerit

110 1995 340 2048 inventa.

42 2105 86 2138 π
221 2083 418 2153 [Luna
457 2087 520 2138 in
558 2084 805 2138 finibus
845 2086 1108 2156 Martis]
1181 2086 1238 2139 Si
1278 2086 1430 2139 Luna
1471 2087 1527 2139 in
1572 2086 1770 2139 finibus
1789 2099 1985 2141 sol-⁶⁵⁰1!

109 2157 298 2211 Martis
344 2159 430 2211 vel
477 2160 534 2212 in
580 2159 777 2212 decano
825 2179 922 2212 suo
969 2179 1066 2230 per
1112 2161 1252 2213 diem
1298 2162 1458 2230 plena
1510 2147 1856 2214 luminibus4

109 2231 271 2285 fuerit
301 2233 531 2302 inventa,
564 2235 838 2302 expositos
870 2235 1033 2289 faciet
1063 2238 1157 2287 aut
1184 2235 1466 2305 ignobileS‚
1499 2239 1592 2287 aut
1615 2235 1805 2288 vitium

110 2305 564 2376 valitudinemque
604 2307 852 2377 decernit,
892 2312 984 2362 aut
1014 2310 1374 2378 periculorum
1406 2308 1679 2363 violentiis
1712 2313 1805 2363 aut

232 2487 254 2525 l
289 2484 447 2527 lemma
479 2497 561 2527 om.
587 2485 627 2526 Δ
751 2488 776 2526 2
811 2498 892 2527 suo
926 2498 1009 2528 om.
1037 2487 1076 2528 Δ
1193 2489 1220 2527 4
1254 2486 1300 2528 et
1332 2484 1412 2541 qui
1438 2485 1546 2542 AG]
1579 2484 1659 2541 qui
1693 2486 1740 2528 et
1772 2489 1802 2527 0

113 2542 160 2584 et
189 2544 222 2583 B
254 2544 308 2585 ut
338 2545 376 2583 A
509 2547 534 2585 5
575 2543 743 2587 excidit
782 2544 901 2587 velut
939 2557 1204 2600 possessum
1244 2547 1269 2596 ζ
1311 2543 1566 2600 ingenuum
1607 2544 1803 2601 (ingeni—

110 2602 211 2643 tum
243 2603 284 2657 σ)
326 2603 434 2644 tem.
469 2601 681 2645 ardorem
714 2619 741 2646 κ
894 2608 919 2645 6
952 2602 1178 2647 intestina
1211 2605 1250 2646 Δ
1284 2606 1407 2659 (mas
1442 2603 1512 2661 G)]
1547 2603 1803 2647 sententias

116 2661 163 2703 Γ
276 2663 302 2702 8
341 2673 534 2716 prosper
572 2665 642 2703 ov
683 2662 689 2718 Ι
734 2663 990 2717 sequantur
1021 2664 1060 2705 A
1222 2666 1277 2706 10
1318 2661 1642 2718 deprimuntur
1674 2665 1713 2705 A

114 2722 166 2761 11
199 2720 377 2774 pariter
408 2719 564 2763 animo
600 2722 674 2776 ΓΙ
708 2721 916 2776 ptysicos
948 2725 988 2763 N
1026 2721 1233 2776 typsicos
1265 2726 1301 2764 D
1347 2722 1544 2765 tussicos
1583 2723 1654 2777 ΓΙ
1683 2721 1803 2777 sple-

111 2776 288 2822 neticos
328 2777 447 2837 A‘n]
488 2777 718 2834 splenicos
872 2784 925 2822 12
960 2779 1104 2824 efficit
1138 2784 1163 2832 ζ
1313 2786 1366 2823 14
1407 2781 1567 2825 lem-ma
1607 2795 1689 2825 om.
1717 2783 1756 2824 A
1795 2782 1799 2838 Ι

114 2835 163 2879 Si
202 2836 333 2880 Luna
372 2852 478 2881 cum
515 2837 621 2882 Iove
651 2838 725 2882 vel
755 2838 805 2881 in
838 2839 1014 2884 decano
1046 2839 1166 2883 Iovis
1197 2839 1339 2883 fuerit
1363 2842 1403 2882 A
1558 2844 1611 2883 15
1644 2840 1750 2884 add.
1776 2855 1804 2882 ι

114 2899 168 2938 23
202 2895 374 2940 efficiet
404 2899 430 2948 ζ
549 2901 603 2940 25
637 2898 797 2941 lemma
829 2912 911 2942 om.
939 2900 978 2941 A
1131 2903 1186 2941 26
1221 2911 1302 2941 suo
1336 2912 1417 2941 om.
1438 2901 1477 2941 A
1601 2903 1655 2942 28
1688 2898 1803 2942 vali-

31 2988 34 2991 .
113 2954 393 3010 tudinesque
416 2957 456 2999 A
