2038 3162
208 80 400 127 XXXVI
878 80 1237 126 PRAEFATIO.

210 221 439 286 legerunt
478 222 679 284 suisque
718 222 767 268 in
777 221 934 271 ventis
976 223 1218 270 auxerunt
1255 237 1344 270 nec
1382 237 1480 270 non
1522 222 1754 286 plagulas
1803 238 1906 271 cor·

209 298 458 344 rexerunt.
531 295 726 344 Indices
782 297 1060 358 composuit
1114 298 1163 344 et
1207 291 1570 357 praefationem
1617 297 1907 359 conscripsit

212 370 427 433 Ziegler,
470 369 684 433 perlegit
725 374 775 418 et
814 370 953 418 auxit
982 369 1146 430 Kr0113
1193 385 1308 418 nam
1347 370 1533 418 indices
1564 371 1647 418 vix
1685 370 1906 434 imprimi

210 437 373 507 c6epti
399 446 556 504 erant,
582 459 692 491 cum
711 442 1120 491 SKVTSOHIVS
1145 446 1464 506 praematura
1486 447 1645 492 morte
1670 444 1904 508 abreptus

209 520 298 581 est,
331 534 478 581 quem
502 517 665 566 virum
690 517 994 581 singularem
1023 519 1081 565 ut
1111 517 1284 582 lugent
1308 517 1403 566 viri
1436 517 1570 566 docti
1593 520 1747 567 totius
1772 519 1904 568 orbis

207 594 453 640 terrarum
485 592 559 639 ita
583 591 754 641 dolent
783 592 965 654 piaque
997 606 1191 654 semper
1221 591 1459 640 memoria
1491 592 1656 640 colent
1684 594 1830 640 amici
1855 595 1904 641 et

170 698 174 701 ,
208 666 455 729 discipuli,
480 667 567 728 qui
599 665 695 714 soli
724 667 942 714 anim3,m
969 665 1072 714 eius
1098 682 1210 715 vere
1235 665 1494 714 candidam
1518 670 1903 730 promptamque

209 757 406 803 quoquo
439 743 660 802 tempore
691 739 968 788 auxiliandi
999 741 1049 787 et
1081 740 1350 788 adiuvandi
1387 740 1682 789 facilitatem
1715 743 1905 804 experti

208 817 406 878 penitus
438 815 638 862 norunt.

281 888 538 951 Indices,
579 890 668 951 qui
705 889 758 935 in
788 888 961 951 paucis
993 887 1189 952 paginis
1229 887 1386 936 nitide
1416 890 1671 951 impressis
1712 888 1900 938 biennii

207 963 427 1012 laborem
459 965 509 1012 et
547 963 776 1012 sudorem
807 978 896 1010 nec
926 978 1025 1010 non
1057 962 1423 1024 impatientiam
1461 963 1736 1011 taediosam
1771 978 1900 1012 com-

208 1038 509 1101 plectuntur,
532 1053 622 1100 per
645 1052 695 1085 se
720 1036 842 1085 satis
868 1036 1094 1100 intellegi
1117 1036 1419 1085 confidimus.
1459 1036 1640 1084 Omnia
1665 1039 1899 1100 cuiusque

207 1113 343 1161 vocis
376 1112 599 1175 exempla
632 1111 789 1159 allata
822 1126 949 1172 esse,
980 1112 1079 1159 nisi
1110 1111 1286 1159 vocula
1318 1111 1381 1159 al.
1416 1111 1717 1160 contrarium
1748 1113 1901 1176 signi-

207 1186 409 1247 ficatur,
454 1201 748 1248 persuasum
793 1184 997 1246 habet03
1050 1185 1311 1249 diligentia
1358 1200 1508 1247 quam
1554 1187 1770 1234 maxima
1815 1201 1904 1234 nos

210 1276 324 1309 usos
356 1275 460 1309 esse
491 1260 673 1308 conscii
708 1275 898 1320 sumus3
930 1259 1086 1308 nihilo
1115 1261 1294 1320 minus,
1326 1262 1382 1307 ut
1411 1261 1464 1307 in
1495 1260 1590 1307 tali
1619 1276 1672 1307 re
1705 1275 1902 1309 consen-

207 1337 411 1383 taneum
459 1336 555 1396 est,
601 1334 762 1382 multa
810 1336 974 1382 errata
1013 1334 1094 1382 vel
1133 1335 1315 1382 omissa
1363 1349 1466 1381 esse
1513 1335 1706 1383 scimus.
1763 1333 1904 1391 Quod

209 1411 324 1457 ante
356 1409 568 1457 indicem
600 1408 694 1456 ΠΙ.
727 1409 1035 1468 notavimus,
1076 1409 1126 1455 et
1155 1408 1237 1456 hic
1268 1423 1544 1469 monemus,
1589 1410 1648 1456 ut
1681 1409 1903 1471 quisquis

211 1483 406 1545 aliquid
437 1482 517 1531 vel
549 1485 603 1531 in
634 1482 796 1530 indice
829 1482 920 1532 III.
945 1482 1025 1530 vel
1055 1483 1108 1529 in
1132 1481 1219 1530 IV.
1244 1497 1340 1530 non
1373 1481 1579 1543 invenit,
1611 1484 1661 1531 et
1691 1483 1904 1531 alterum

210 1557 369 1606 adeat.
417 1557 549 1605 Nam
581 1557 632 1604 in
660 1557 831 1605 multis
856 1556 1035 1617 verbis,
1068 1558 1171 1603 utri
1202 1556 1463 1605 inserenda
1495 1558 1670 1617 essent,
1701 1556 1903 1604 minime

207 1631 435 1694 patebat,
491 1632 742 1693 aliumque
789 1630 924 1678 haud
971 1646 1084 1678 raro
1137 1631 1285 1678 aliter
1331 1646 1388 1678 ac
1433 1646 1521 1678 nos
1568 1630 1900 1679 iudicaturum

208 1707 362 1754 fuisse
394 1705 755 1769 intellegimus,
785 1720 874 1753 nec
905 1720 1066 1767 pauca
1092 1704 1245 1753 verba
1277 1706 1432 1766 erant,
1465 1720 1593 1767 quae
1616 1705 1668 1752 in
1692 1708 1902 1766 utroque

208 1780 369 1828 indice
401 1779 628 1842 ponenda
661 1781 836 1827 essent.
891 1779 1170 1827 Permultas
1213 1794 1328 1827 sane
1359 1794 1504 1827 voces
1536 1795 1565 1826 a
1596 1779 1766 1827 lexicis
1799 1780 1905 1827 Fir-

208 1855 336 1902 mico
368 1853 639 1902 attributas
671 1855 858 1902 frustra
891 1853 1022 1915 apud
1054 1868 1143 1902 nos
1175 1868 1404 1915 quaeres,
1449 1854 1777 1915 interpolatas
1809 1855 1902 1901 sci-

209 1928 330 1977 licet
363 1928 423 1975 ab
457 1927 645 1976 editore
676 1927 904 1975 Aldinae.

281 2002 501 2050 Iudicem
534 2002 863 2064 capitulorum
895 2002 940 2049 si
971 2002 1082 2063 quis
1113 2002 1167 2048 in
1197 2002 1290 2049 hoc
1314 2001 1550 2050 fasciculo
1583 2000 1896 2062 desiderabit,

209 2093 320 2125 cum
351 2076 506 2138 priori
538 2075 782 2138 praefixus
811 2076 891 2138 sit,
922 2091 1176 2124 monemus
1209 2090 1312 2124 esse
1338 2091 1448 2123 eum
1473 2075 1671 2138 quidem
1696 2075 1749 2122 in
1773 2090 1900 2123 com-

207 2150 433 2212 pluribus
466 2150 714 2198 codicibus
747 2143 909 2216 (velut
935 2142 1121 2216 ΒΕΘ)
1154 2150 1238 2197 sed
1268 2149 1616 2198 brevissimum
1649 2164 1706 2197 ac
1736 2149 1898 2212 negle-

210 2226 494 2288 gentissime
535 2224 835 2284 confectum,
877 2226 935 2271 ut
972 2223 1119 2286 plane
1158 2223 1327 2272 nullus
1368 2239 1426 2271 ex
1466 2239 1522 2271 eo
1562 2225 1749 2272 fructus
1790 2238 1898 2285 per-

209 2300 438 2360 cipiatur.
1734 2337 1736 2339 ,

284 2370 381 2428 Qui
413 2373 508 2420 viri
541 2372 674 2421 docti
705 2387 794 2420 nos
827 2371 1131 2432 adiuverint,
1173 2387 1260 2420 suo
1301 2372 1408 2419 loco
1442 2371 1676 2433 diximus3
1722 2371 1899 2418 biblio-

208 2446 463 2494 thecarum
504 2462 698 2508 quoque
739 2446 1089 2493 nonnullarum
1128 2446 1403 2508 praefectos
1444 2448 1493 2493 et
1530 2446 1582 2493 in
1621 2445 1713 2494 hoc
1754 2445 1898 2492 fasci-

210 2521 319 2568 culo
358 2520 574 2568 curando
614 2519 754 2568 nobis
796 2520 978 2567 auxilio
1018 2521 1170 2567 fuisse
1210 2521 1353 2582 grato
1395 2521 1559 2567 animo
1594 2518 1896 2581 profitemur.

275 2638 633 2686 Monasterii
1441 2637 1859 2685 Vratislaviae

728 2705 892 2737 mense
926 2689 1192 2737 Februario
1230 2691 1367 2736 1913

309 2735 397 2790 W.
422 2735 599 2790 Kroll
665 2815 671 2821 .
1487 2734 1561 2788 K.
1586 2734 1822 2800 Ziegler
