2084 3192
252 152 362 205 304
984 150 1214 195 FIRMIOI

254 273 460 326 comedi
499 272 659 325 faciet
698 276 790 325 aut
830 291 860 324 a
899 272 1119 324 canibus
1159 275 1252 324 aut
1291 290 1322 323 a
1359 271 1487 324 feris
1525 272 1722 324 misera
1750 274 1943 325 lacera-

200 348 397 401 6tione
437 347 691 399 consumi.
759 345 821 398 In
855 349 1007 414 parte
1038 344 1207 398 XXX.
1238 345 1433 399 Leonis
1466 345 1637 398 oritur
1670 344 1942 399 Cratera.

253 421 585 489 Quicumque
629 419 731 472 hoc
785 420 955 472 sidere
1007 420 1210 472 oriente
1259 422 1417 471 natus
1468 419 1644 482 fuerit,
1699 420 1942 491 inriguos

252 495 454 548 amabit
485 511 718 563 campOS,
749 497 803 546 et
833 494 1008 547 fontes
1041 496 1134 546 aut
1169 494 1312 546 rivos
1344 497 1436 546 aut
1467 493 1660 547 fluvios
1692 494 1758 546 ab
1791 494 1941 547 alveo

254 587 348 622 suo
390 569 456 621 ad
503 570 607 621 alia
653 568 916 621 derivabit
960 568 1092 621 loca.
1169 567 1288 620 Erit
1325 567 1600 620 vinearum
1649 571 1701 620 et
1739 574 1945 621 amator
1989 589 2009 623 5

252 647 305 695 et
345 642 533 712 cultor,
565 645 617 694 et
650 642 743 711 qui
773 641 1072 695 infecundis
1105 641 1384 694 arboribus
1417 642 1673 694 fecundos
1705 643 1943 695 inserens

203 748 206 751 ι
253 718 492 770 surculos
539 716 787 787 glutinet,
831 715 918 769 vel
971 717 1065 784 qui
1109 716 1308 767 buxeas
1360 715 1575 769 arbores
1622 717 1847 769 tondens
1886 717 1944 769 in

62 804 283 846 sot-105r11
296 790 478 844 beluas
517 791 703 859 fingat,
751 793 843 842 aut
882 790 1078 842 virides
1118 789 1359 858 porticus
1399 789 1456 841 in
1495 790 1751 843 circulum
1790 791 1942 844 flexis

250 865 451 918 vitibus
498 865 675 917 faciat.
750 863 855 916 Hic
901 864 1083 917 vinum
1131 864 1245 916 sine
1291 863 1618 917 admixtione
1665 864 1845 933 aliqua
1882 865 1944 918 li·

249 940 437 992 benter
473 938 628 991 bibit.
705 937 907 1001 Quodsi
947 945 1096 990 actus
1136 937 1218 991 illi
1255 937 1624 991 benivolarum
1666 941 1941 992 stellarum
1966 959 2009 992 10

202 1014 230 1065 7
253 1014 545 1066 decreverit
604 1012 801 1080 radiuS,
862 1012 1108 1064 humidas
1164 1030 1363 1064 merces
1425 1012 1805 1083 negotiabitur.
1884 1011 1942 1066 Si

250 1105 376 1139 vero
422 1087 526 1140 1100
572 1087 717 1139 sidus
763 1087 821 1138 in
868 1104 1057 1139 occasu
1102 1087 1266 1139 fuerit
1309 1087 1601 1155 inventum,
1641 1087 1754 1138 sine
1794 1087 1943 1140 mali-

250 1161 403 1214 volae
448 1161 774 1228 testimonio7
829 1161 874 1212 is
923 1161 1015 1229 qui
1060 1164 1218 1213 natus
1265 1161 1427 1212 fuerit
1474 1160 1612 1213 inter
1659 1162 1842 1229 epulas
1890 1166 1943 1215 et

249 1235 443 1305 pocula
474 1235 531 1288 in
561 1235 737 1287 media
767 1237 939 1287 aetate
971 1235 1242 1287 morietur.
1321 1233 1379 1286 Si
1410 1253 1536 1288 vero
1570 1235 1941 1290 malivolarum

251 1312 526 1362 stellarum
579 1309 758 1361 radius
813 1309 1115 1373 accesserit,
1171 1312 1264 1360 aut
1314 1308 1372 1360 in
1422 1309 1625 1361 dolium
1675 1310 1941 1363 vinarium
1967 1329 2007 1362 15

251 1387 345 1436 aut
382 1384 439 1436 in
476 1387 699 1452 puteum
740 1383 1045 1436 submersus
1085 1383 1356 1452 morietur,
1396 1386 1488 1435 aut
1518 1384 1576 1435 in
1606 1383 1826 1436 flumine
1858 1384 1943 1437 vel

250 1460 371 1511 lacu
418 1459 504 1511 vel
547 1457 740 1526 palude
786 1457 871 1509 vel
915 1458 1052 1509 mari
1097 1459 1183 1509 vel
1229 1461 1368 1509 certe
1413 1458 1470 1509 in
1519 1457 1724 1526 piscina
1762 1458 1848 1510 vel
1886 1459 1943 1512 in

252 1532 387 1585 solio
427 1532 726 1584 invenietur
764 1535 1021 1584 mortuus,

880 1722 970 1776 XI.
1026 1722 1317 1793 [VIRGO]

203 1828 229 1879 1
362 1826 424 1879 In
455 1826 698 1898 Virginis
728 1830 879 1896 parte
911 1826 976 1879 V.
1009 1827 1249 1880 exoritur
1282 1826 1536 1880 Corona.
1610 1826 1941 1896 Quicumque
1965 1849 2008 1881 20

252 1901 355 1954 hoc
394 1901 563 1954 sidere
604 1901 807 1954 oriente
853 1905 1011 1953 natus
1058 1901 1236 1970 fuerit,
1276 1902 1375 1954 erit
1421 1902 1582 1954 variis
1630 1901 1939 1955 deliciarum

252 1976 620 2044 voluptatibus
662 1979 967 2044 occupatus,
1005 1975 1346 2028 muliebrium
1387 1977 1583 2028 artium
1625 1977 1815 2028 studiis
1856 1977 1940 2028 de-

251 2049 410 2118 ditus,
459 2050 651 2101 florum
700 2054 751 2102 et
802 2067 1114 2102 coronarum
1164 2051 1428 2117 inventor,
1474 2053 1527 2102 et
1570 2051 1662 2118 qui
1703 2051 1938 2103 amoenis

250 2122 530 2176 hortorum
570 2123 1012 2177 delectationibus
1053 2123 1407 2192 adhaerescat,
1447 2124 1635 2176 odores
1667 2128 1940 2194 unguenta

252 2201 490 2250 aromata
536 2198 775 2250 studiosa
823 2198 1114 2266 cupiditate
1169 2198 1486 2266 desiderans,
1541 2216 1733 2267 corpus
1784 2217 1939 2251 suum
1964 2217 2006 2250 25

250 2271 515 2324 lenocinio
570 2272 985 2340 pulchritudinis
1037 2272 1299 2335 excolenS,
1346 2275 1531 2340 stupra
1577 2275 1629 2324 et
1680 2272 1938 2325 adulteria

373 2480 397 2517 2
438 2475 603 2519 Leonis
635 2475 772 2519 XXX.
807 2478 846 2519 Δ
1001 2480 1025 2518 3
1066 2476 1244 2520 oriente
1276 2491 1359 2521 om.
1392 2479 1431 2519 Δ
1587 2481 1610 2520 7
1647 2477 1852 2534 glutinet
1881 2478 1939 2536 N]

251 2534 447 2578 clutinei
503 2537 509 2590 1
567 2535 648 2590 qui
679 2535 853 2579 buxeas
887 2548 911 2578 6
921 2535 960 2592 ζ]
994 2535 1166 2578 buxeas
1198 2540 1237 2578 N
1279 2536 1447 2591 quibus
1480 2549 1616 2580 exeas
1648 2541 1728 2579 DG
1772 2536 1939 2592 quibus

254 2594 382 2636 extas
415 2592 466 2635 A‘
532 2595 536 2650 Ι
602 2595 849 2639 tondentes
882 2595 1150 2650 (condentes
1182 2598 1236 2650 N)
1273 2630 1280 2638 .
1308 2628 1318 2638 .
1347 2631 1354 2637 .
1387 2594 1569 2652 fingant
1599 2597 1639 2638 Δ
1706 2597 1711 2650 Ι
1780 2595 1829 2637 111
1862 2595 1938 2639 be-

251 2652 354 2696 luas
388 2653 582 2708 (belluas
617 2654 687 2711 G)]
735 2653 963 2696 umbellas
995 2658 1034 2695 N
1199 2659 1224 2697 8
1265 2654 1366 2712 aut]
1413 2657 1466 2697 ut
1495 2659 1535 2696 N
1695 2659 1719 2697 9
1762 2654 1937 2713 aliqua]

252 2725 405 2767 aquae
437 2714 461 2764 ζ
610 2717 661 2756 11
703 2713 861 2755 radius
894 2712 955 2770 A]
1002 2712 1187 2768 gladius
1220 2715 1262 2756 Γ
1408 2719 1461 2756 12
1501 2713 1609 2756 mal.
1643 2712 1877 2772 (stellae)
1910 2729 1940 2756 v

316 2775 369 2813 14
402 2771 451 2813 in
481 2771 638 2814 media
671 2773 824 2814 aetate
858 2772 900 2828 6]
944 2771 1198 2815 inmediate
1230 2774 1318 2815 AG
1355 2771 1559 2816 mediate
1591 2776 1628 2814 A
1667 2772 1821 2815 media
1850 2788 1881 2815 v

255 2834 309 2870 15
342 2829 570 2872 vinarium
593 2831 727 2888 1)le
755 2830 966 2873 vinarum
991 2834 1027 2872 A
1058 2829 1269 2873 vinorum
1292 2836 1331 2873 N
1453 2837 1507 2874 16
1539 2845 1715 2874 mersus
1739 2833 1779 2874 A
1816 2833 1821 2883 1
1856 2831 1940 2874 flu-

252 2888 379 2932 mine
409 2888 515 2932 lacu
546 2888 718 2944 palude
750 2892 790 2932 A
924 2893 979 2932 20
1012 2889 1159 2933 oritur
1189 2888 1242 2931 A'
1373 2895 1427 2933 21
1460 2890 1548 2933 hoc
1581 2890 1729 2933 sidere
1762 2890 1939 2935 oriente

254 2961 336 2989 om.
367 2949 413 2990 Γ
528 2952 582 2990 23
617 2948 886 2991 amoenibus
919 2950 958 2991 A
1082 2953 1137 2991 24
1170 2950 1375 2992 ortorum
1410 2951 1497 2992 ΓΝ
