2066 3192
801 165 839 208 V
872 171 912 221 2,
938 179 977 211 ιτ
997 171 1080 221 -3,
1107 179 1138 212 2.
1743 169 1811 220 27

126 289 210 338 tos
251 286 435 339 doctos
476 286 702 339 mundos
742 290 1004 340 amatores
1044 287 1295 356 musicae,
1334 289 1519 356 poetas
1559 287 1650 340 sed
1690 307 1816 357 quo-

125 379 243 412 rum
284 360 518 412 carmina
558 360 836 429 splendore
874 360 1175 413 nobilitatis
1214 364 1484 430 ornentur,
1528 363 1580 413 et
1621 361 1813 430 quibus

126 452 189 486 ex
230 433 413 487 alienis
453 434 663 486 casibus
703 435 989 487 felicitatis
1020 435 1321 488 substantia
1362 435 1678 488 conferatur.
1758 434 1898 490 8121

124 527 247 561 vero
298 508 450 561 Luna
501 507 557 561 in
604 509 802 562 finibus
851 508 1101 561 Mercurii
1153 509 1231 579 [in
1277 508 1600 579 horoscopo]
1653 510 1814 563 fuerit

81 607 100 638 5
125 582 356 651 inventa,
395 585 447 634 et
486 582 557 635 sit
596 583 784 636 diurna
823 583 1082 654 genitura,
1120 583 1280 635 faciet
1313 584 1558 653 artificeS,
1598 584 1690 636 sed
1722 585 1813 652 qui

125 656 371 709 omnibus
427 657 720 710 artificibus
782 657 1160 726 praeferantur.
1255 656 1312 710 Si
1366 675 1491 710 vero
1553 661 1815 710 nocturna

124 730 368 801 genitura
398 731 574 799 fuerit,
607 731 844 784 omnium
886 731 1082 783 artium
1124 731 1356 785 decernit
1398 731 1590 799 officia,
1629 735 1683 784 et
1720 733 1813 801 qui

124 805 594 859 exercitationibus
634 806 882 858 omnibus
916 805 1258 874 delectentur,
1297 805 1602 877 ingeniosos
1634 810 1688 859 et
1719 807 1812 875 qui

122 880 338 950 negotia
362 880 759 950 peregrinarum
791 881 1046 932 mercium
1078 882 1324 948 tractent,
1357 880 1584 934 scientes
1618 882 1811 947 omnia,

57 977 100 1010 10
125 958 178 1007 et
226 954 316 1023 qui
355 953 462 1007 huc
502 957 554 1006 et
593 954 722 1008 illuc
761 954 922 1007 variis
961 954 1260 1007 rationibus
1299 955 1711 1024 transferantur,
1762 959 1815 1008 et

124 1028 214 1098 qui
271 1046 452 1081 omnes
504 1028 714 1080 dolores
767 1047 886 1082 cum
938 1028 1164 1097 quadam
1217 1028 1642 1082 dissimulatione
1693 1047 1812 1082 con-

119 1105 374 1155 temnant.

918 1249 1010 1303 HI.

234 1355 370 1419 Quia
407 1355 693 1423 horoscopi
732 1355 942 1407 decreta
973 1355 1238 1423 partiliter
1270 1354 1516 1424 diximUS,
1554 1373 1696 1408 nunc
1727 1374 1814 1408 ex·
1835 1357 1860 1409 1

55 1452 95 1484 15
121 1431 379 1500 plicemus
427 1430 556 1498 quid
602 1428 784 1481 stellae
823 1429 951 1498 <111>
998 1429 1164 1499 signis
1213 1429 1439 1499 singulis
1487 1430 1813 1483 constitutae

122 1527 192 1554 »ωσι
216 1525 332 1553 *as*
374 1506 429 1556 in
477 1503 721 1573 quolibet
767 1503 884 1555 loco
932 1503 1199 1572 partiliter
1245 1503 1528 1572 intimabO,
1577 1522 1646 1557 ne
1693 1522 1812 1557 cum

119 1579 285 1632 libros
333 1583 544 1631 nostros
595 1578 861 1647 malignus
907 1578 1077 1629 lector
1123 1578 1408 1646 acceperit,
1464 1578 1667 1647 aliquid
1712 1597 1811 1631 nos

120 1654 259 1706 dicat
297 1653 397 1705 tibi
436 1652 666 1704 invidiae
706 1651 1024 1704 stridoribus
1065 1651 1364 1722 denegasse.

231 1726 568 1798 [Saturnus
602 1726 664 1777 in
696 1725 954 1794 Ariete]
1024 1724 1086 1777 In
1120 1726 1499 1794 cuiuscumque
1531 1728 1778 1796 genitura
1795 1739 1993 1783 γαῦροι]

54 1823 96 1854 20
122 1800 382 1854 Saturnus
433 1802 487 1853 in
540 1799 723 1852 Ariete
775 1799 937 1852 fuerit
987 1801 1258 1868 inventUS,
1309 1801 1363 1852 in
1414 1800 1589 1868 prima
1639 1802 1862 1854 aetate2

119 1877 278 1929 faciet
317 1875 472 1928 malis
514 1879 566 1927 et
605 1873 906 1926 infelicibus
945 1873 1154 1925 actibus
1193 1874 1462 1943 inplicari,
1514 1878 1567 1927 et
1605 1874 1660 1926 in
1702 1893 1810 1927 om-

120 1950 276 2003 nibus
317 1968 524 2018 semper
563 1947 810 2016 inpediet.
881 1946 983 2000 Sed
1023 1951 1075 2000 et
1115 1966 1234 2000 cum
1278 1948 1512 2018 primum
1554 1950 1810 2002 circulum

122 2042 305 2077 cursus
347 2024 426 2077 sui
470 2023 730 2076 Saturnus
769 2021 1066 2091 inpleverit,
1107 2022 1161 2074 id
1192 2026 1272 2075 est
1304 2023 1506 2091 primos
1538 2022 1690 2074 XXX
1722 2042 1809 2074 an-

117 2117 230 2165 1108,
285 2101 561 2167 paternam
618 2100 669 2149 et
723 2099 1016 2148 maternam
1073 2096 1423 2149 substantiam
1481 2097 1696 2165 minuit,
1759 2101 1811 2149 et

53 2192 94 2225 85
120 2173 371 2242 quicquid
420 2191 483 2224 ex
529 2171 614 2223 his
661 2170 932 2223 facultatis
973 2171 1247 2238 acceperit,
1298 2174 1391 2223 aut
1431 2170 1635 2223 minuet
1675 2189 1808 2224 sem-

119 2266 214 2315 per
268 2249 361 2298 aut
411 2246 616 2314 perdet,
672 2249 724 2297 et
774 2244 1003 2296 assiduis
1059 2244 1437 2298 amissionibus
1493 2248 1546 2298 et
1601 2245 1807 2298 damnis

118 2319 488 2389 frequentibus
535 2319 865 2389 fatigabitur,
913 2319 1003 2370 sed
1049 2321 1398 2387 posteaquam
1445 2320 1640 2388 prioris
1688 2319 1807 2372 sub-

237 2501 263 2539 4
290 2498 371 2540 del.
391 2500 415 2548 ζ
438 2498 506 2552 (in
530 2510 614 2553 my.
632 2495 792 2539 habuit
818 2497 873 2547 Δ,
898 2509 1006 2537 ‘nam
1031 2508 1115 2538 om.
1134 2499 1169 2536 1)
1194 2499 1236 2538 et
1255 2500 1359 2550 post
1383 2495 1514 2539 Luna
1531 2497 1668 2552 ponit
1692 2498 1746 2552 N)

122 2561 145 2598 7
179 2557 345 2600 excidit
375 2556 495 2600 velut
527 2556 573 2597 et
606 2554 758 2612 <facit
789 2552 943 2611 tales>
970 2567 996 2596 σ
1118 2558 1170 2597 11
1206 2555 1490 2598 contendant
1521 2569 1632 2599 corr.
1660 2571 1687 2597 a

122 2620 176 2658 14
210 2614 328 2667 Quia
354 2613 584 2674 (itaque)
611 2617 635 2666 ζ
664 2614 715 2657 cl.
744 2618 815 2666 15),
840 2626 862 2654 2
954 2618 1007 2656 15
1042 2613 1146 2656 add.
1173 2612 1323 2656 B²GA
1420 2619 1472 2657 16
1498 2615 1663 2658 caecidit
1688 2616 1805 2659 velut

121 2675 384 2718 decernant.
420 2674 553 2726 Quod
585 2674 651 2716 vel
676 2674 830 2728 plura.
927 2676 980 2714 19
1013 2673 1172 2716 lemma
1204 2686 1286 2716 om.
1315 2675 1353 2715 Δ
1383 2674 1388 2730 Ι
1419 2673 1465 2716 Si
1491 2673 1539 2716 in
1566 2699 1620 2704 —
1646 2672 1803 2717 inven-

118 2736 194 2777 tus
228 2734 285 2789 (si
317 2735 400 2778 del.
427 2735 476 2788 G>
506 2732 573 2789 Γ]
609 2731 654 2775 Si
686 2731 736 2774 in
769 2730 926 2773 Ariete
964 2731 1189 2775 Saturnus
1222 2731 1364 2774 fuerit
1395 2732 1609 2776 inventus
1642 2733 1690 2775 in
1722 2733 1804 2776 ho-

119 2793 299 2848 roscopi
333 2792 465 2849 signo
498 2791 546 2834 in
579 2791 745 2834 diurna
777 2789 994 2846 genitura
1026 2793 1064 2833 Δ
1163 2796 1216 2833 21
1252 2791 1466 2834 omnibus
1500 2791 1752 2850 (actibus)
1781 2806 1804 2835 6

120 2856 174 2894 22
216 2852 387 2895 circum
427 2866 539 2895 corr.
573 2854 633 2902 κζ
792 2854 845 2891 23
887 2848 936 2890 id
976 2851 1046 2892 est
1077 2851 1124 2905 v]
1166 2849 1245 2891 det
1395 2855 1450 2893 25
1499 2850 1802 2894 facultatibus

120 2924 229 2955 corr.
258 2913 280 2963 ’ς
316 2957 317 2968 ¹
358 2911 537 2953 minuet
571 2910 664 2966 AN]
702 2907 872 2951 minuit
992 2913 1045 2951 27
1083 2908 1406 2962 frequentibus
1443 2910 1490 2966 κ]
1528 2910 1802 2965 requirenti-

119 2969 205 3013 bus
247 2972 253 3018 1
295 2969 438 3026 priori
475 2972 520 3012 Γ
