2066 3192
247 117 318 171 56
976 115 1207 161 FIRMICI

246 237 339 305 ria,
369 241 422 290 et
451 256 549 307 per
581 238 787 291 steriles
820 241 873 290 et
903 256 999 306 per
1031 237 1256 290 infames
1287 237 1533 291 homines
1565 241 1657 291 aut
1687 239 1936 292 mulieres

245 311 478 365 maxima
527 313 744 383 negotia
794 311 1192 381 perpetrabunt.
1268 310 1444 364 Erunt
1491 312 1712 381 propitii
1758 313 1936 365 multi-

245 385 444 454 tudini,
490 386 547 439 in
591 386 792 454 populo
839 386 1095 438 habentes
1142 386 1376 456 insignia
1422 386 1725 455 potestatis,
1770 387 1936 439 fortes

246 463 299 512 et
349 460 527 513 animo
578 460 777 528 pariter
832 463 883 512 et
939 477 1176 529 corpore,
1231 463 1284 512 et
1333 478 1557 530 magnae
1609 461 1936 514 substantiae

246 533 483 587 dominia
522 537 928 603 consequentur.
1006 533 1300 586 Habebunt
1344 534 1606 586 laetitiam
1652 553 1717 586 ex
1755 537 1936 588 uxoris
1983 558 2002 590 5

245 607 522 661 affectibus
578 611 629 660 et
681 608 934 676 filiorum,
989 608 1080 660 sed
1133 607 1311 676 priore
1367 608 1693 661 dissensione
1749 609 1936 678 sopita.

175 728 178 730 ,
244 682 558 753 Dirigentur
604 683 765 734 etiam
813 701 844 734 a
890 681 1286 751 potentioribus
1333 682 1462 734 viris
1510 686 1563 735 et
1607 683 1825 754 regibus
1872 684 1938 736 ad.

245 756 470 809 alicuius
496 756 973 809 administrationis
1005 759 1326 824 potestatem
1360 776 1385 805 *
1407 776 1431 804 *
1452 778 1477 806 *
1512 757 1793 810 constituti
1823 758 1938 826 plu-

246 831 397 883 rimis
435 830 743 899 proderunt.
813 830 887 882 Hi
929 849 1048 882 cum
1088 831 1146 883 in
1175 831 1347 899 prima
1379 833 1551 883 aetate
1581 831 1796 902 fatigati
1827 832 1938 884 fue·

244 906 369 974 rint,
415 905 558 956 felici
607 906 877 957 senectute
923 905 1203 957 laetantur.
1282 902 1386 957 Sed
1438 909 1491 958 et
1529 905 1617 958 hic
1656 905 1937 959 observan-
1961 930 2004 962 ιο

247 979 373 1031 dum
414 978 557 1048 quod
595 979 651 1030 in
693 978 847 1048 signo
888 978 1088 1031 Arietis
1129 978 1373 1031 diximus.

156 1054 223 1107 21
358 1051 676 1123 [Iuppiter
714 1053 778 1104 in
819 1051 1216 1122 Sagittario]
1256 1051 1588 1122 Quicumque
1626 1052 1808 1106 lovem
1847 1055 1938 1107 ha-

243 1127 459 1180 buerint
481 1126 536 1179 in
556 1127 860 1198 Sagittario,
878 1131 1032 1179 erunt
1057 1126 1282 1198 gloriosi
1306 1130 1551 1195 potentes
1574 1127 1782 1181 nobiles
1807 1129 1937 1198 noti,

245 1201 401 1254 duces
422 1205 670 1270 potentes
694 1203 780 1254 vel
802 1202 995 1254 ducum
1020 1205 1112 1253 aut
1136 1201 1439 1270 potentium
1465 1201 1621 1254 amici
1644 1202 1937 1272 locupletes

243 1276 447 1344 copiosi
488 1276 642 1328 docti.
722 1274 824 1328 Sed
871 1275 1126 1344 quicquid
1175 1276 1441 1328 consecuti
1487 1276 1687 1328 fuerint
1731 1277 1937 1330 tamdiu
1961 1300 2003 1333 15

242 1350 491 1418 perdent,
542 1350 795 1419 quamdiu
842 1350 1016 1418 prima
1054 1349 1172 1402 loca
1209 1349 1485 1420 geniturae
1526 1349 1744 1402 Saturni
1784 1353 1938 1404 stella

242 1425 528 1477 transierit.
599 1423 748 1476 Tunc
788 1424 929 1476 enim
970 1427 1127 1477 erunt
1166 1424 1222 1476 in
1261 1424 1658 1477 turbationibus
1697 1425 1753 1477 in
1793 1425 1937 1478 dolo-

244 1499 394 1551 ribus
434 1499 490 1550 in
531 1498 899 1567 seditionibUS,
946 1501 998 1550 et
1047 1499 1421 1567 quodcumque
1467 1499 1713 1567 conplere
1759 1499 1937 1552 volue-

156 1574 224 1626 22
243 1573 367 1641 rint,
398 1590 684 1642 prosperos
718 1591 824 1624 non
856 1572 1130 1626 habebunt
1162 1576 1395 1626 eventus,
1466 1572 1641 1625 Erunt
1671 1577 1849 1626 autem
1881 1574 1936 1626 in

243 1649 375 1717 ipsis
415 1647 747 1716 temporibus
788 1648 843 1699 in
881 1648 1144 1718 angustiis
1178 1650 1231 1699 et
1263 1646 1318 1698 in
1350 1646 1642 1716 laboribuS‚
1681 1648 1938 1716 quamdiu
1962 1672 2004 1704 20

67 1734 257 1772 foz.64”II
278 1722 526 1790 conpleto
572 1719 819 1790 Iuppiter
866 1721 1094 1774 secundo
1143 1738 1328 1774 cursus
1380 1721 1462 1772 sui
1514 1721 1711 1775 circulo
1758 1721 1935 1776 locum

247 1815 401 1849 suum
469 1813 726 1864 prospera
796 1795 1093 1847 radiatione
1164 1797 1483 1847 convenerit.
1575 1795 1725 1847 Tunc
1795 1797 1934 1849 enim

244 1870 507 1940 gradatim
564 1869 742 1921 omnia
794 1887 1051 1938 prospera
1103 1887 1200 1938 pro
1251 1869 1491 1922 locorum
1537 1873 1801 1938 potestate
1852 1871 1936 1923 de-

245 1945 427 2012 cernit,
460 1947 590 1997 tunc
620 1943 870 1995 notitiam
901 1947 1031 1996 tunc
1062 1943 1291 2013 gloriam
1323 1947 1451 1996 tunc
1480 1944 1774 2012 potentiam
1808 1947 1937 1997 tunc

243 2021 585 2087 potestatem⁷
639 2020 770 2070 tuno
814 2017 1126 2086 patrimonii
1170 2018 1398 2087 largitur
1449 2021 1754 2088 augmenta,
1808 2022 1936 2071 tunc
1959 2041 2002 2075 25

243 2092 568 2145 hilaritatem
601 2094 730 2144 tunc
759 2091 1020 2143 laetitiam
1055 2091 1217 2159 dabit,
1248 2095 1375 2143 tunc
1408 2093 1746 2145 matrimonia
1773 2092 1935 2145 filios—

246 2185 347 2235 que
403 2167 651 2219 decernit.
735 2164 839 2218 Sed
895 2166 986 2234 qui
1042 2166 1118 2218 sic
1170 2166 1455 2218 habuerint
1507 2165 1711 2233 Iovem,
1765 2168 1936 2220 aliena

243 2241 568 2308 patrimonia
599 2240 964 2308 possidebunt.
1026 2239 1203 2292 Erunt
1234 2258 1359 2292 sane
1391 2239 1519 2292 boni
1544 2240 1655 2308 apti
1680 2241 1747 2292 ad
1779 2259 1934 2292 omne

365 2449 387 2487 1
421 2458 505 2500 per
534 2458 614 2488 sec.
643 2458 724 2488 om.
752 2447 864 2488 ΔΨ
986 2450 1010 2488 2
1035 2444 1390 2500 pertractabunt
1412 2449 1451 2486 N
1572 2449 1597 2488 5
1621 2458 1816 2488 uxorum
1834 2448 1873 2488 Δ

246 2509 269 2546 6
305 2506 352 2547 et
383 2518 438 2547 ex
469 2502 669 2547 filiorum
694 2506 733 2547 Δ
858 2508 881 2546 7
914 2503 1188 2560 Dirigentur
1217 2504 1264 2561 κ]
1297 2504 1507 2560 rigentur
1534 2506 1581 2546 Γ
1604 2506 1826 2561 regentur
1848 2507 1888 2548 Δ
1925 2504 1928 2561 Ι

243 2563 514 2619 potentibus
539 2565 579 2606 A
705 2568 729 2606 8
762 2563 931 2607 accidit
960 2565 1079 2607 velut
1111 2565 1157 2605 et
1187 2563 1236 2605 in
1268 2576 1323 2605 ea
1355 2564 1590 2618 potestate
1616 2576 1640 2606 6
1671 2562 1773 2621 (<in
1805 2562 1932 2622 qua>

244 2624 287 2678 κ)
317 2625 323 2679 Ι
350 2622 563 2678 pluribus
589 2624 628 2664 A
724 2626 778 2664 10
803 2621 932 2665 felici
957 2623 1193 2665 senectute
1217 2622 1342 2678 ND‘2]
1368 2622 1526 2666 felices
1551 2635 1636 2665 nec
1660 2623 1760 2665 tute
1790 2622 1896 2665 ΓΙ)ι
1924 2623 1929 2681 Ι

244 2682 320 2724 hic
360 2682 446 2724 hoc
487 2681 762 2724 servandum
802 2695 914 2725 corr.
948 2684 972 2733 ζ
1123 2686 1175 2724 12
1218 2682 1375 2725 lemma
1407 2695 1487 2724 om.
1516 2684 1554 2724 A
1591 2683 1597 2736 Ι
1639 2681 1687 2723 in
1720 2680 1824 2738 Sag.
1851 2681 1933 2724 ha-

244 2740 433 2783 buerint
467 2743 513 2783 Γ
631 2745 684 2782 14
732 2742 947 2796 potentes
980 2754 1061 2784 om.
1089 2742 1171 2783 ΔΟ
1216 2740 1221 2797 Ι
1264 2739 1336 2783 vel
1368 2767 1413 2771 -
1448 2739 1712 2796 potentium
1744 2754 1827 2783 om.
1853 2743 1893 2783 A
1923 2743 1927 2796 Ι

243 2799 499 2855 locupletes
535 2799 684 2850 amici,
706 2805 927 2855 transpos.
954 2815 981 2841 a
1128 2804 1179 2842 16
1214 2799 1416 2854 perdunt
1440 2802 1479 2842 A
1627 2804 1679 2841 19
1703 2799 1752 2841 in
1777 2813 1858 2843 om.
1889 2802 1935 2842 Γ

319 2862 372 2901 21
407 2858 616 2914 Iuppiter
644 2859 711 2916 Γ]
744 2859 862 2901 Iovis
888 2861 927 2901 A
957 2862 962 2914 Ι
999 2858 1070 2901 sui
1104 2871 1262 2900 cursus
1292 2859 1338 2900 Γ
1512 2862 1566 2899 22
1600 2857 1866 2901 convenerit
1889 2859 1926 2915 ζ]

246 2917 536 2960 coniunxerit
657 2922 712 2960 28
746 2931 856 2960 sane
889 2916 1008 2972 ΑΒἻ
1044 2917 1145 2960 sani
