2066 3192
218 104 290 158 54
948 102 1177 148 mainel

132 225 200 276 14
331 222 650 294 [Iuppiter
718 224 782 275 in
844 221 1154 293 Virgine]
1241 221 1555 292 Quicunque
1615 223 1792 277 Iovem
1837 226 1909 291 vin

218 297 443 369 Virgine
490 297 800 363 habuerint,
847 297 1034 348 mundi
1079 297 1294 349 honesti
1339 296 1473 349 bene
1518 298 1710 350 nutriti
1756 303 1911 351 erunt

220 375 274 424 et
318 371 524 442 pudici,
563 372 805 424 efficaces
855 370 1062 440 fideleS‚
1102 389 1310 440 semper
1360 371 1559 424 amicos
1607 372 1748 424 bono
1796 372 1910 425 djli-

220 450 405 516 gentes
461 446 655 499 affectu
664 487 679 514 7
724 445 945 516 ingenui
999 444 1239 497 moribus
1295 445 1614 499 contentiosi
1664 443 1910 515 potentes

218 518 492 589 laboriosi,
537 537 647 572 non
692 519 949 572 habentes
996 537 1162 573 unum
1210 519 1266 570 in
1304 518 1417 572 vita
1455 537 1683 590 cursum,
1732 539 1911 589 quam·
1958 544 1978 577 5

219 595 310 646 diu
358 594 677 646 diametrum
719 592 980 646 Saturnus
1027 593 1299 645 transierit
1347 593 1458 646 eius
1500 594 1662 664 signi,
1709 595 1764 646 in
1805 613 1910 663 quo

178 726 181 729 ,
218 669 331 738 ipse
381 667 641 721 Saturnus
688 669 746 720 in
791 668 1038 737 genitura
1083 667 1247 720 fuerit
1293 668 1632 721 constitutus,
1710 667 1814 721 Sed
1860 672 1913 722 et

220 761 341 796 cum
373 743 430 794 in
460 741 705 794 Piscibus
738 741 915 811 fuerit,
955 745 1111 794 erunt
1148 741 1204 793 in
1237 742 1648 810 tempestatibus
1683 743 1739 795 in
1771 743 1912 795 dam-

218 817 301 870 nis
349 817 405 868 in
452 816 875 887 aegritudinibus
923 816 980 867 in
1020 815 1294 868 doloribus
1341 817 1398 868 in
1445 816 1911 870 sollicitudinibus,

134 891 202 944 15
220 889 323 944 Sed
373 909 493 944 cum
543 891 606 943 de
644 890 891 943 Piscibus
933 888 1193 943 Saturnus
1232 889 1528 959 transierit,
1574 894 1703 943 tunc
1741 891 1914 962 gloria
1937 916 1980 948 10

218 969 346 1019 tunc
385 966 641 1035 potentia,
680 968 811 1018 tunc
851 965 1151 1017 sortiuntur
1189 982 1381 1017 uxores
1420 965 1640 1034 pudicas
1681 969 1733 1018 et
1767 965 1911 1018 beni-

218 1039 383 1109 volas,
429 1040 743 1092 maritorum
792 1038 1083 1091 commodis
1131 1040 1434 1091 servientes,
1512 1039 1803 1092 Habebunt
1851 1039 1914 1092 de

219 1114 346 1166 filiis
396 1113 620 1182 dolores,
670 1113 923 1182 quamdiu
970 1117 1213 1182 tempora
1253 1112 1470 1166 Saturni
1518 1113 1767 1182 conpleta
1805 1114 1914 1166 fue-

219 1189 342 1241 rint.
419 1187 595 1240 Erunt
632 1187 688 1240 in
726 1205 922 1258 magno
962 1187 1166 1240 honore
1206 1190 1259 1240 et
1297 1187 1352 1239 in
1392 1188 1601 1258 magnis
1640 1188 1915 1257 potestati-

219 1263 335 1331 bus,
391 1279 526 1331 quae
574 1265 867 1331 potestates
917 1281 1014 1331 pro
1067 1261 1344 1332 geniturae
1396 1261 1694 1315 substantia
1745 1262 1915 1316 decer·
1939 1286 1980 1319 15

219 1340 433 1390 nuntur.

136 1428 202 1479 16
334 1424 649 1494 [Iuppiter
687 1425 752 1477 in
790 1424 1020 1493 Libra]
1071 1424 1386 1493 Quicunque
1417 1423 1598 1477 Iovem
1631 1425 1917 1478 habuerint

221 1500 278 1552 in
317 1499 502 1567 Libra,
557 1499 872 1552 iactationes
912 1498 1036 1568 (et)
1075 1499 1260 1551 turbas
1313 1498 1587 1552 habebunt
1637 1500 1691 1551 in
1743 1500 1916 1568 prima

223 1592 432 1643 semper
469 1577 655 1642 aetate,
699 1574 1013 1642 praesertim
1055 1573 1100 1626 si
1141 1572 1403 1627 Saturnus
1443 1574 1498 1625 in
1539 1574 1795 1627 diametro
1834 1573 1915 1627 Io-

222 1649 303 1701 vis
342 1649 428 1700 vel
467 1648 521 1699 in
563 1648 821 1700 diametro
854 1647 1036 1700 Lunae
1067 1647 1230 1700 fuerit
1260 1649 1523 1700 inventus
1594 1647 1744 1700 Tunc
1775 1649 1916 1701 enim
1941 1671 1984 1704 πο

223 1722 437 1790 damna7
499 1725 628 1774 tunc
692 1722 1012 1775 domesticae
1075 1721 1428 1774 dissensiones
1484 1725 1611 1774 tunc
1664 1722 1916 1775 tristitiae

222 1801 348 1849 tunc
403 1796 638 1849 iniuriae.
675 1800 803 1848 tuno
850 1796 1173 1865 ignominiae
1219 1799 1350 1849 tunc
1397 1814 1584 1849 causae
1629 1800 1758 1848 tunc
1802 1814 1917 1865 per-

222 1870 583 1940 egrinationes
614 1874 743 1923 tunc
769 1870 1000 1924 offensae
1023 1874 1153 1923 tunc
1177 1870 1486 1939 patrimonii
1511 1870 1916 1939 dilapidationes

137 1947 201 1999 17
224 1945 592 1997 decernuntur.
672 1944 774 1998 Sed
821 1963 942 1997 cum
981 1945 1111 1997 haec
1151 1945 1407 1997 diametra
1449 1944 1708 1998 Saturnus
1747 1948 1916 1996 trans-

224 2020 358 2088 ierit,
404 2023 456 2071 et
494 2037 590 2088 per
629 2022 893 2087 oportuna
932 2019 1209 2089 geniturae
1247 2018 1364 2072 loca
1402 2017 1643 2088 Iuppiter
1681 2020 1916 2088 coeperit
1939 2042 1982 2075 25

226 2111 453 2161 currere,
509 2097 636 2145 tunc
690 2094 843 2146 initia
896 2093 1169 2147 felicitatis
1225 2093 1507 2162 accipient,
1562 2097 1690 2146 tunc
1745 2093 1916 2164 gloria

223 2168 533 2236 laetitiaque
581 2167 905 2232 decernitur,
955 2171 1084 2221 tunc
1131 2171 1522 2236 consequentur
1568 2168 1758 2220 idonea
1799 2167 1918 2220 sub-

228 2242 362 2294 sidia
407 2242 746 2310 facultatum,
794 2241 1252 2310 quotienscunque
1291 2240 1533 2310 Iuppiter
1580 2244 1705 2310 post
1745 2259 1916 2294 exces-

348 2437 370 2475 1
398 2433 557 2476 lemma
581 2446 663 2476 om.
686 2434 722 2474 Δ
752 2435 758 2487 Ι
785 2432 832 2475 in
858 2432 987 2488 Virg.
1013 2431 1120 2475 hab.
1147 2432 1300 2475 Iovem
1325 2434 1364 2475 Δ
1487 2437 1511 2474 2
1546 2433 1593 2475 et
1616 2432 1671 2489 N]
1699 2431 1841 2475 etiam

228 2496 252 2534 3
285 2491 406 2535 bono
439 2506 521 2535 om.
552 2494 598 2534 Γ
727 2497 754 2534 4
787 2491 979 2548 ingenui
1011 2491 1130 2548 ABb]
1173 2490 1351 2548 ingenii
1385 2495 1499 2534 OGv
1544 2491 1759 2547 ingenuis
1793 2494 1831 2534 Δ

229 2556 252 2594 6
289 2550 566 2593 diametrum
591 2550 639 2608 n]
665 2549 868 2593 Taurum
975 2554 999 2592 8
1033 2551 1081 2592 in
1106 2552 1244 2606 prim.
1273 2563 1355 2594 om.
1382 2553 1421 2593 A
1533 2555 1584 2593 10
1617 2552 1728 2593 tunc
1754 2549 1914 2609 <er-it>

227 2612 294 2654 vel
319 2609 528 2667 (datur)
556 2610 614 2652 al.
642 2611 720 2653 An
753 2609 949 2666 gloriam
975 2635 1029 2641 -
1056 2609 1359 2664 potentiam?
1383 2613 1407 2661 ζ
1502 2614 1556 2652 14
1588 2610 1636 2652 in
1665 2610 1731 2666 Γ]
1757 2611 1914 2652 tamen

229 2671 268 2712 A
311 2672 483 2723 (tamen
525 2669 573 2711 in
613 2683 679 2710 va
718 2671 818 2711 tum
858 2668 908 2711 in
949 2670 988 2723 σ)
1143 2673 1194 2711 17
1238 2669 1396 2711 lemma
1437 2682 1519 2712 om.
1546 2671 1585 2711 A
1629 2671 1634 2725 1
1673 2669 1827 2711 Iovem
1866 2669 1914 2711 in

228 2728 366 2771 Libra
404 2727 655 2770 habuerint
691 2730 737 2770 Γ
854 2731 906 2770 18
947 2727 1188 2771 habebunt
1228 2733 1331 2772 ante
1370 2727 1648 2771 iactationes
1684 2729 1813 2782 ponit
1845 2727 1910 2780 A}

229 2787 530 2830 iactationem
570 2801 682 2831 corr.
715 2803 742 2829 a
785 2790 790 2842 Ι
834 2787 940 2830 add.
969 2800 992 2829 6
1145 2791 1199 2830 20
1242 2787 1468 2829 diametro
1510 2787 1608 2829 eius
1648 2786 1719 2829 vel
1758 2786 1915 2829 Lunae

229 2845 370 2914 fuerit
401 2850 480 2946 ΝΠ
495 2846 538 2888 d.
573 2845 679 2889 eius'
711 2845 854 2890 fuerit
883 2850 917 2887 D
1064 2850 1118 2888 28
1158 2845 1370 2901 Iuppiter
1409 2860 1491 2890 om.
1517 2851 1552 2888 D
1584 2851 1689 2901 post
1729 2844 1915 2887 Saturni

228 2907 420 2949 ‘cnseruit
