2078 3174
835 107 898 151 VI
929 111 1000 162 31,
1026 119 1186 152 11—20.
1750 108 1855 160 153

170 230 537 283 testimonium
567 227 708 281 Iovis
747 229 948 298 pariter
978 245 1040 281 ac
1071 227 1296 281 Veneris
1329 227 1550 280 salutari
1579 229 1859 281 numinum

172 321 388 357 suorum
426 303 691 373 praesidio
730 302 1005 373 mitigarit.

282 376 340 430 Si
370 378 427 430 in
455 377 672 447 trigono
700 376 889 429 Martis
919 375 1072 428 Luna
1103 378 1157 428 εὴ
1188 374 1284 428 Sol
1316 375 1478 428 simul
1507 375 1709 429 fuerint
1739 394 1860 429 con·
1882 378 1954 430 16

171 451 372 520 stituti,
416 451 470 504 id
515 453 596 503 est
643 454 735 503 aut
773 450 831 502 in
870 449 1074 503 Cancro
1114 453 1206 502 aut
1244 450 1302 502 in
1341 449 1635 519 Scorpione
1673 454 1767 503 aut
1805 452 1861 503 in

126 546 145 578 ⁵
170 525 430 593 Piscibus,
468 527 521 577 εὴ
558 524 674 594 ipse
704 524 848 576 Mars
887 527 981 576 aut
1017 523 1073 575 in
1104 522 1221 576 Mc,
1261 527 1356 576 aut
1389 524 1445 576 in
1478 542 1669 578 occasu
1700 524 1862 577 fuerit

170 599 440 668 inventus,
489 598 733 651 assiduae
779 597 1228 668 peregrinationis
1268 598 1624 651 decernuntur
1663 600 1862 651 incom-

170 675 342 741 moda,
372 676 426 726 εὴ
455 672 512 724 in
544 673 808 726 extraneis
832 671 1142 743 regionibus
1175 675 1228 724 et
1256 671 1313 724 in
1335 673 1632 742 peregrinis
1656 673 1862 742 <loeis>

170 748 448 800 constituti
487 751 784 799 extremum
824 746 1077 815 conplent
1116 745 1256 798 diem
1295 747 1450 799 vitae.

283 819 341 874 Si
370 820 515 873 Mars
555 840 677 875 cum
715 820 1016 890 horoscopo
1054 820 1254 890 pariter
1284 821 1340 872 in
1372 821 1588 891 trigono
1622 839 1719 873 suo
1751 820 1857 872 fue·
1882 822 1951 874 17

104 917 145 949 ιο
168 895 240 948 rit
277 896 541 963 inventae,
579 895 634 947 id
666 898 749 948 est
779 898 873 948 aut
903 895 958 947 in
992 893 1195 947 Cancro
1228 897 1322 947 aut
1353 895 1409 947 in
1442 894 1733 963 Scorpione
1769 899 1862 947 aut

168 970 224 1021 in
268 969 533 1039 Piscibus,
579 972 633 1022 et
677 968 1069 1039 horoscopante
1114 968 1286 1022 Marte
1327 968 1510 1021 Venus
1556 987 1677 1023 cum
1726 968 1863 1021 Mer-

170 1043 316 1096 curio
366 1044 421 1095 in
473 1061 664 1096 occasu
721 1043 886 1096 fuerit
935 1043 1249 1112 constituta,
1310 1047 1364 1096 et
1415 1044 1523 1096 sint
1567 1042 1729 1096 Marti
1780 1062 1862 1096 ae-

168 1120 329 1186 quata
359 1117 593 1186 partium
626 1118 877 1171 societate
910 1116 1197 1186 coniuncti,
1227 1116 1285 1169 hi
1318 1117 1411 1187 qui
1443 1117 1520 1170 sic
1550 1117 1647 1170 has
1679 1119 1861 1171 stellas

165 1191 452 1244 habuerint
489 1209 717 1245 uxorum
757 1210 971 1245 suarum
1012 1192 1142 1244 mali
1179 1191 1550 1244 interfectores
1589 1192 1838 1245 existunt.

100 1285 142 1319 ιε
279 1264 337 1318 Si
367 1265 699 1335 horoscopus
731 1266 789 1318 in
819 1266 973 1336 signo
998 1265 1222 1318 Veneris
1252 1266 1416 1318 fuerit
1437 1265 1703 1334 iuvenum,
1735 1267 1861 1333 <et>
1883 1268 1954 1320 18

167 1339 224 1392 in
255 1340 439 1392 eodem
471 1340 772 1410 horoscopo
796 1339 980 1393 Venus
1013 1339 1084 1392 sit
1114 1340 1382 1409 partiliter
1412 1341 1688 1408 collocata,
1718 1339 1861 1392 Mars

166 1432 290 1467 vero
339 1418 393 1466 et
429 1414 583 1467 Luna
628 1415 686 1467 in
732 1432 923 1467 occasu
970 1414 1078 1467 sint
1123 1415 1179 1466 in
1227 1415 1381 1485 signo
1422 1414 1612 1467 Martis
1662 1415 1863 1483 pariter

166 1489 467 1556 constituti,
515 1488 572 1540 in
616 1488 813 1541 finibus
861 1488 1065 1541 scilicet
1110 1487 1324 1557 MartiS,
1370 1492 1541 1541 mater
1585 1489 1861 1559 geniturae

168 1562 281 1614 eius
320 1562 501 1632 gladio
540 1580 790 1631 percussa
827 1563 1097 1616 morietur.

100 1657 143 1690 zo
279 1635 338 1689 Si
367 1636 519 1689 Luna
550 1638 607 1689 in
637 1635 753 1689 MC.
783 1637 948 1690 fuerit
978 1638 1210 1707 inventa,
1249 1640 1303 1690 et
1338 1637 1393 1689 in
1424 1635 1568 1689 IMC.
1600 1635 1860 1689 Saturnus
1882 1637 1948 1690 19

166 1714 220 1762 εὴ
256 1709 402 1763 Mars
441 1714 495 1763 et
532 1709 776 1780 Iuppiter
815 1712 923 1764 sint
961 1711 1161 1779 pariter
1199 1711 1494 1779 constituti,
1533 1712 1578 1763 is
1620 1711 1711 1780 qui
1752 1712 1828 1764 sic
1851 1723 2046 1764 fot-⁷8⁰1!

165 1786 328 1853 <eos>
374 1784 624 1838 habuerit
670 1785 734 1837 de
778 1785 970 1854 patriis
1015 1785 1340 1855 la[bo]ribus
1390 1788 1652 1838 retractus
1699 1803 1861 1855 grave

166 1859 352 1929 iugum
394 1859 720 1928 captivitatis
761 1860 998 1928 accipiet.

279 1931 337 1986 Si
374 1933 528 1985 Luna
566 1934 622 1986 in
662 1933 777 1986 MC.
807 1934 970 1987 fuerit
1010 1934 1239 1998 inventa,
1280 1937 1333 1986 εὴ
1372 1951 1492 1986 cum
1534 1952 1595 1986 ea
1625 1933 1768 1985 Mars
1807 1937 1862 1986 εὴ
1879 1933 1952 1986 20

100 2028 141 2060 25
168 2004 428 2060 Saturnus
476 2007 759 2060 constituti
806 2011 1032 2076 aequata
1069 2008 1303 2076 partium
1345 2008 1598 2061 societate
1641 2008 1862 2077 iungan-

167 2084 270 2150 tur,
325 2085 417 2133 aut
467 2085 768 2150 sequestres
819 2085 912 2134 aut
962 2082 1238 2134 ministros
1287 2083 1526 2150 turpium
1577 2081 1858 2134 libidinum

169 2154 417 2223 (facient,
455 2155 550 2223 ut>
591 2175 615 2203 *
637 2175 662 2203 »ε
682 2175 708 2202 *
750 2159 1030 2225 quaestum
1060 2155 1202 2207 vitae
1235 2155 1342 2208 illis
1375 2155 1637 2224 praesidia
1669 2173 1864 2223 conpa-

166 2233 362 2281 rentur.

290 2379 311 2416 7
347 2375 394 2417 εὴ
425 2375 525 2432 alt.]
559 2376 641 2418 aut
671 2379 710 2417 N
767 2377 772 2430 1
830 2376 936 2419 add.
971 2389 997 2418 σ
1132 2379 1158 2419 8
1191 2375 1315 2418 vitae
1349 2374 1472 2418 diem
1504 2379 1589 2417 AN
1722 2379 1746 2418 9
1779 2388 1865 2430 pa-

167 2432 280 2476 riter
310 2434 381 2491 A']
414 2436 548 2489 parte
580 2437 659 2475 BG
691 2449 773 2478 om.
801 2436 841 2478 Δ
900 2437 906 2490 Ι
962 2432 1161 2491 trigonis
1194 2434 1289 2478 suis
1322 2449 1432 2479 corr.
1470 2448 1494 2476 σ
1640 2438 1692 2476 11
1728 2434 1862 2478 horo-

167 2494 390 2549 scopante
415 2493 457 2551 ζ]
489 2493 850 2549 horoscopantes
876 2496 916 2537 Δ
956 2493 1202 2550 horoscopi
1233 2494 1448 2550 partibus
1474 2492 1522 2535 A'
1557 2493 1719 2537 horosc
1752 2507 1858 2548 par-

166 2551 293 2595 tibus
324 2555 404 2593 BG
461 2554 467 2609 Ι
524 2551 674 2595 Marte
707 2553 747 2610 ζ]
789 2553 913 2596 Mars
947 2554 994 2597 et
1029 2555 1076 2597 Γ
1102 2553 1227 2596 Mars
1260 2555 1300 2596 Δ
1458 2558 1509 2596 12
1543 2552 1718 2596 fuerint
1752 2566 1859 2595 con-

167 2609 322 2654 stituti
351 2613 398 2654 Γ
514 2615 568 2654 13
600 2611 750 2667 partis
781 2614 822 2655 Δ
946 2616 1000 2654 14
1034 2614 1171 2656 erunt
1202 2615 1249 2655 et
1266 2612 1472 2655 existunt
1502 2616 1541 2654 N
1665 2616 1719 2654 15
1752 2611 1860 2655 add.

165 2684 194 2712 v
345 2674 400 2713 20
434 2670 552 2728 Mu]
592 2669 686 2714 imo
718 2675 758 2713 N
814 2672 820 2726 Ι
876 2669 996 2714 IMC.
1028 2671 1082 2728 D]
1125 2670 1220 2715 MC.
1257 2675 1303 2714 at
1338 2671 1387 2714 in
1418 2670 1536 2714 IMC.
1571 2674 1604 2712 B
1651 2670 1749 2714 MC.
1781 2676 1859 2715 cet.

226 2733 281 2771 22
315 2730 421 2772 add.
455 2731 479 2781 ζ
534 2730 539 2784 Ι
596 2730 764 2786 patriis
796 2731 842 2787 κ]
890 2730 1040 2786 patris
1097 2733 1125 2782 ΙἸ
1161 2731 1243 2774 del.
1277 2747 1304 2773 κ
1363 2733 1367 2786 l
1427 2731 1665 2773 detractus
1698 2732 1737 2772 Δ

167 2790 222 2830 25
254 2788 402 2843 partis
426 2793 461 2830 D
493 2791 651 2844 partes
675 2792 714 2830 Ν
743 2790 878 2844 parte
904 2793 939 2831 G
1071 2793 1125 2831 27
1160 2789 1337 2832 facient
1368 2790 1475 2833 add.
1502 2798 1541 2831 a·
1567 2790 1620 2831 ut
1652 2789 1757 2832 add.
1784 2792 1823 2830 N
1852 2790 1856 2842 l

166 2848 334 2891 eaecidit
363 2860 449 2904 per
479 2853 520 2891 et
551 2849 821 2892 attributum
853 2851 972 2892 vocis
1003 2851 1251 2904 quaestum
1295 2851 1300 2904 Ι
1344 2850 1540 2904 quaestu
1565 2852 1641 2889 Nv
1683 2850 1689 2903 Ι
1731 2847 1863 2890 vitan

163 2911 264 2960 post
294 2906 531 2961 praesidia
563 2909 650 2949 AG
