2066 3192
244 151 350 204 122
991 152 1218 197 FIRMICI

239 273 497 343 insinuat,
560 277 613 326 et
674 293 704 325 a
757 274 1145 343 potentissimis
1206 275 1417 327 feminis
1473 277 1525 327 et
1577 273 1798 326 honoris
1851 274 1927 326 in-

240 348 414 418 signia
445 352 499 401 et
525 349 758 400 maxima
789 348 897 401 illis
929 348 1273 401 conferuntur
1303 348 1565 417 praesidia
1596 349 1928 400 facultatum.

187 418 221 472 5
241 421 345 474 Sed
399 423 474 476 sic
526 422 785 475 habentes
824 421 1087 475 Venerem
1143 426 1195 475 et
1240 421 1421 475 Iovem
1477 423 1637 475 etiam
1692 422 1822 475 felix
1876 425 1929 474 et

237 515 552 566 prosperum
599 497 1000 549 matrimonium
1049 497 1362 550 sortiuntur.
1437 496 1729 549 Habebunt
1768 497 1928 549 etiam

237 571 395 640 filios,
435 571 479 623 si
519 589 628 623 non
666 571 788 623 illos
827 570 1199 623 malivolarum
1239 573 1512 624 stellarum
1551 570 1930 641 inpugnaverit
1976 591 1996 625 5

237 645 430 698 radius.
503 644 606 697 Sed
640 644 698 697 hi
729 645 795 697 ad
826 663 1075 698 venereos
1110 648 1329 698 conatus
1361 663 1530 716 prona
1562 646 1754 697 mentis
1788 645 1928 713 cupi-

179 742 184 745 *
239 718 403 772 ditate
459 719 746 787 ducuntur,
802 718 1119 772 desiderium
1175 738 1330 772 suum
1383 738 1479 788 per
1531 719 1704 773 varios
1759 721 1928 772 coitus

238 795 453 862 saepius
494 794 886 847 transferentes,
964 792 1113 846 Haec
1159 794 1342 846 eadem
1389 796 1447 846 in
1484 795 1804 846 feminarum
1844 811 1930 863 ge-

238 869 430 920 nituris
463 866 705 937 Iuppiter
737 871 790 920 et
823 867 1004 920 Venus
1037 868 1198 920 simul
1229 868 1393 937 positi
1427 867 1692 936 aequabili
1723 867 1928 920 ratione

239 942 541 995 decernunt.
621 941 679 995 Si
723 961 849 995 vero
889 941 1071 994 lovem
1120 946 1173 994 et
1211 941 1472 995 Venerem
1519 944 1575 994 in
1619 941 1803 994 solidis
1845 959 1926 1012 ge·
1954 963 1996 995 ιο

238 1017 446 1068 niturae
491 1017 624 1069 locis
672 1016 872 1084 pariter
918 1016 1239 1069 constitutos
1281 1019 1334 1069 et
1372 1016 1578 1069 Lunam
1618 1015 1928 1084 aequalibus

235 1091 664 1158 ra<dia>tionum
713 1091 1061 1143 societatibus
1102 1090 1373 1143 intuentes
1412 1091 1549 1159 (ex)
1588 1090 1767 1159 aliquo
1807 1089 1927 1144 loco

235 1164 379 1217 Mars
419 1165 612 1217 minaci
651 1165 947 1217 radiatione
986 1165 1295 1234 respexerit,
1336 1165 1403 1218 ob
1447 1164 1547 1235 [id]
1589 1165 1787 1217 adfines
1820 1183 1925 1217 cre-

236 1239 331 1291 bra
369 1240 511 1291 fama
550 1242 603 1291 et
642 1239 793 1309 gravi
832 1239 1244 1308 reprehensione
1277 1239 1634 1308 pulsabuntur
1663 1239 1928 1292 infamiae.

186 1325 218 1377 6
349 1326 759 1397 [Coniunctio
799 1327 970 1380 Iovis
1012 1331 1072 1379 et
1111 1327 1453 1397 Mercurii]
1500 1327 1556 1381 Si
1594 1327 1838 1398 Iuppiter
1877 1332 1930 1380 et
1954 1349 1996 1382 15

236 1402 530 1456 Mercurius
571 1403 732 1454 simul
769 1403 970 1454 fuerint
1010 1403 1271 1472 collocati,
1321 1403 1520 1456 facient
1556 1402 1800 1456 homines
1838 1421 1930 1471 po-

236 1479 424 1545 tentes⁷
464 1477 606 1529 bona
646 1476 870 1530 consilia
909 1494 969 1528 ac
1003 1477 1144 1529 bona
1185 1497 1302 1526 *ιι*
1343 1478 1687 1546 proferenteS‚
1726 1477 1930 1548 magni-

237 1551 367 1604 ficae
419 1551 676 1603 orationis
728 1551 1008 1620 splendore
1059 1551 1343 1621 fulgenteS,
1396 1554 1611 1604 ornatos
1661 1552 1806 1604 omni
1853 1570 1929 1604 sa-

237 1625 462 1693 pientia,
513 1628 564 1677 et
613 1626 853 1677 omnium
901 1626 1261 1678 doctrinarum
1309 1625 1631 1695 magisteriis
1679 1626 1929 1693 imbutos,

238 1703 291 1751 et
329 1700 461 1752 tales
502 1717 591 1751 eos
630 1700 915 1768 perficiunt
964 1702 1022 1751 ut
1063 1718 1244 1751 omnes
1285 1717 1374 1752 eos
1416 1718 1534 1752 cum
1576 1700 1803 1768 quadam
1843 1700 1929 1752 ad·
1954 1721 1996 1752 20

236 1773 520 1826 miratione
568 1773 875 1842 suspiciant.
954 1772 1027 1825 Hi
1075 1774 1215 1825 enim
1262 1775 1524 1826 oratoriae
1571 1775 1701 1826 artis
1753 1774 1928 1827 inbuti

238 1847 555 1916 disciplinis,
617 1865 738 1899 cum
792 1848 1024 1899 maxima
1078 1848 1382 1900 affluentiae
1436 1848 1694 1900 facilitate
1748 1849 1927 1901 facun-

357 1996 418 2050 (1)
451 1990 578 2037 οὗτοι
618 1993 697 2036 καὶ
738 1993 783 2046 ἐξ
823 1992 1055 2049 ἐπισήμων
1095 2001 1234 2036 τινῶν
1271 1994 1350 2037 καὶ
1383 1994 1483 2048 (del.
1511 1996 1548 2051 ζ)
1581 2001 1816 2050 γυναικῶν
1847 1993 1928 2037 τὸν

237 2050 342 2110 βίον
384 2052 605 2105 αύξουσιν
646 2085 655 2095 .
685 2086 694 2095 .
723 2086 732 2095 .
773 2050 876 2096 κατ’
913 2052 1075 2109 ἐξοχὴν
1116 2053 1166 2096 δὲ
1210 2053 1296 2096 εἰσι
1336 2051 1581 2108 φιλέρωτες
1620 2053 1700 2096 καὶ
1740 2055 1928 2103 πολλαῖς

237 2113 450 2168 γυναιξὶν
483 2112 532 2156 ἐν
566 2110 787 2155 συνουσία
827 2109 1060 2167 γίνονται,
1101 2110 1296 2168 εὔγαμοί
1333 2128 1381 2156 τε
1414 2113 1493 2155 καὶ
1527 2112 1754 2164 εὔτεκνοι,
1796 2113 1836 2156 εἰ
1867 2112 1926 2168 μὴ

238 2171 325 2231 ὁρᾷ
359 2169 541 2226 Κρόνος
571 2171 651 2214 καὶ
674 2158 820 2227 Ἄρης.
946 2173 1006 2226 (8)
1050 2171 1077 2227 ἡ
1120 2171 1235 2226 αυτὴ
1270 2170 1430 2226 σκέψις
1462 2172 1542 2215 καὶ
1573 2172 1647 2215 ἐπὶ
1680 2179 1927 2228 γυναικῶν.

235 2238 317 2274 τοῦ
357 2231 471 2280 Διὸς
511 2231 594 2274 σὺν
633 2228 872 2304 Αφροὸίτῃ
913 2229 1046 2279 ὄντος
1085 2230 1158 2274 ἐπὶ
1200 2232 1413 2274 δυνατῶν
1453 2230 1629 2284 τόπων,
1670 2231 1710 2274 εἰ
1750 2230 1927 2287 Σελήνη

236 2290 427 2341 τούτους
467 2289 552 2362 ὁρᾷ
596 2290 676 2332 καὶ
709 2289 731 2333 ὁ
756 2287 881 2345 Ἄρης
919 2290 1071 2333 ποθὲν
1112 2297 1345 2345 μαρτυρεῖ,
1385 2291 1489 2344 περὶ
1530 2289 1774 2345 συγγενικὰ
1815 2289 1928 2344 πρό-

239 2363 370 2392 σωπα
405 2348 428 2392 ὁ
461 2347 610 2405 ψόγος
644 2347 768 2391 ἔσται
799 2365 880 2404 της
912 2345 1087 2404 μίξεως.
1183 2354 1236 2392 17
1272 2353 1374 2402 170,
1399 2353 1459 2393 23
1491 2348 1542 2393 τὸ
1577 2349 1798 2406 εὔβουλον
1832 2349 1928 2393 ἐπι-

240 2407 450 2463 σημαίνει
490 2408 569 2451 καὶ
608 2408 659 2450 τὸ
694 2407 742 2450 ἐν
774 2407 926 2464 λόγοις
959 2408 1165 2451 δυνατὸν
1197 2409 1278 2451 καὶ
1311 2383 1374 2451 ἐν,
1393 2409 1558 2463 φρεσὶν
1591 2408 1805 2463 ἄριστον,
1845 2406 1924 2464 ἐφ’

237 2464 306 2516 οἷς
338 2468 424 2511 εἰσι
456 2467 536 2509 καὶ
567 2473 620 2522 τῇ
653 2465 781 2510 πόλει
815 2465 1144 2539 σεμνό(τατοι)·
1193 2464 1405 2523 γίνονται
1435 2466 1522 2540 γὰρ
1556 2468 1866 2524 γραμματικοὶ
1898 2466 1924 2523 ἢ

237 2533 517 2583 γραμματεῖς
551 2525 786 2582 βασιλέων,
820 2522 1007 2581 ρήτορές
1038 2542 1086 2569 τε
1118 2526 1198 2569 καὶ
1231 2524 1462 2581 σοφισταί.

358 2663 378 2701 1
414 2658 684 2713 potentibus
716 2662 771 2699 W
913 2662 938 2701 5
972 2659 1303 2702 malevolarum
1335 2663 1389 2700 W
1534 2664 1557 2702 6
1591 2658 1659 2701 hii
1692 2663 1746 2700 W
1785 2658 1820 2701 ii
1843 2663 1882 2700 N
1919 2659 1922 2715 Ι

239 2720 432 2760 conatus
458 2718 576 2774 WN]
611 2717 759 2760 coitus
784 2734 811 2760 κ
933 2721 958 2759 8
991 2717 1040 2760 111
1065 2732 1146 2762 om.
1173 2722 1212 2760 N
1335 2723 1387 2760 12
1422 2719 1488 2761 bis
1513 2719 1619 2762 add.
1646 2732 1707 2760 κσ
1735 2719 1740 2773 Ι
1769 2717 1926 2772 aliquo

239 2780 263 2828 ζ
288 2792 343 2820 esc
370 2777 463 2820 Cat.
491 2774 662 2833 ποθὲν]
697 2776 789 2819 alio
914 2781 966 2819 13
1000 2776 1124 2820 Mars
1149 2791 1231 2821 om.
1259 2781 1297 2819 N
1319 2791 1467 2845 supra.
1489 2778 1567 2821 lm.
1596 2778 1700 2820 add.
1727 2781 1781 2818 W
1809 2778 1814 2829 Ι
1843 2778 1924 2820 dez.

238 2853 265 2878 κ
392 2841 445 2878 14
477 2835 623 2892 fama]
656 2835 853 2877 infamia
885 2837 908 2886 ζ
1028 2841 1079 2878 17
1116 2835 1324 2894 (verba)
1359 2849 1383 2878 σ
1414 2837 1510 2879 nisi
1537 2837 1652 2889 forte
1677 2837 1821 2892 plura
1852 2851 1928 2879 ex-

238 2895 459 2948 ciderunt
485 2896 540 2947 cf.
565 2894 682 2945 Cam
717 2908 743 2937 *
762 2910 786 2937 *
807 2910 831 2937 »ι
858 2894 1200 2961 (ornamenta)
1226 2896 1292 2938 vel
1317 2894 1592 2953 <insignia>
1614 2894 1927 2951 praeferentes

239 2956 262 3007 ζ
347 2958 398 2995 21
428 2928 686 3010 suscipiant
702 2966 814 2997 corr.
835 2970 861 2995 κ
890 2954 895 3009 Ι
924 2952 991 3010 hi]
1021 2953 1055 2996 ii
1073 2958 1112 2995 N
1134 2958 1188 2996 ut
1201 2967 1370 3010 semper
1453 2959 1507 2996 22
1533 2953 1753 2996 facundia
1769 2968 1879 2997 corr.
1899 2971 1926 2996 κ
