2078 3174
257 116 281 167 l
292 115 361 168 70
975 115 1204 160 FIRMICI

247 236 393 289 Mars
439 237 495 288 in
541 237 806 289 matutino
855 240 978 289 ortu
1029 237 1375 305 constitutus,
1429 241 1482 289 et
1530 236 1791 290 Saturnus
1847 241 1938 290 aut

250 329 371 363 cum
418 311 503 362 his
551 314 642 362 aut
688 311 746 362 in
792 328 982 364 occasu
1028 311 1192 363 fuerit
1236 312 1461 380 positus7
1509 312 1735 364 caducos
1776 311 1939 364 simili

249 387 455 438 ratione
517 385 816 454 perficient,
879 385 970 453 qui
1024 385 1210 436 insano
1265 386 1458 437 mentis
1510 386 1691 438 furore
1746 386 1939 438 mutati

248 463 451 512 rectum
490 459 715 528 perdant
754 458 991 510 ordinem
1030 459 1182 511 vitae.
1255 458 1312 511 Si
1343 477 1468 513 vero
1500 459 1671 512 Marte
1703 463 1757 511 et
1786 458 1939 512 Luna

247 538 303 586 ct
357 532 480 586 Sole
533 533 672 586 sicut
724 533 956 585 diximus
1012 534 1309 602 collocatiS,
1373 531 1631 586 Saturnus
1685 534 1738 585 in
1794 531 1936 585 IMC.
1984 555 2004 588 5

248 607 410 659 fuerit
463 608 734 674 inventuS,
789 610 841 659 et
895 624 986 659 eos
1041 606 1098 659 in
1143 605 1260 660 MC.
1311 608 1632 660 constitutos
1683 607 1939 660 diametra

196 741 200 743 ,
247 681 543 734 radiatione
581 681 845 750 respiciat,
876 682 1008 733 vitio
1042 682 1235 734 mentis
1269 700 1550 750 oppressos
1584 685 1636 733 et
1666 700 1762 750 per
1792 700 1939 750 prae-

247 755 431 824 cipitia
476 757 700 808 iactatos
748 755 976 823 excipiet
1021 755 1243 807 miserae
1288 757 1480 808 mortis
1521 756 1756 810 exitium.
1835 754 1938 808 Sed

249 834 302 882 et
347 830 667 900 generaliter
714 847 923 897 semper
971 829 1016 881 si
1055 831 1112 881 in
1153 828 1454 898 duplicibus
1495 830 1662 898 signis
1701 829 1845 882 Mars
1885 833 1939 882 et

250 903 510 956 Saturnus
563 904 763 973 pariter
812 903 1090 955 constituti
1140 903 1198 955 in
1248 921 1437 956 occasu
1488 904 1689 972 pariter
1737 904 1938 956 fuerint
1962 926 2005 958 10

247 978 473 1046 inventi,
519 979 651 1031 haec
690 978 871 1030 eadem
912 977 1075 1029 simili
1113 978 1320 1030 ratione
1360 977 1662 1030 decernunt.
1742 976 1846 1030 Sed
1885 981 1938 1029 et

249 1053 293 1104 si
334 1051 563 1104 Saturno
611 1055 664 1103 et
703 1052 874 1103 Marte
920 1051 976 1103 in
1024 1069 1215 1105 occasu
1261 1053 1450 1121 positis
1490 1051 1643 1103 Luna
1690 1052 1746 1104 in
1782 1051 1938 1103 horo-

249 1144 411 1195 scopo
458 1127 621 1179 fuerit
666 1126 857 1195 posita,
903 1125 1035 1178 haec
1081 1126 1262 1178 eadem
1310 1126 1473 1178 simili
1519 1126 1814 1178 radiatione
1853 1125 1942 1177 de-

250 1204 485 1254 cernunt.

159 1275 228 1327 77
363 1274 418 1327 Si
466 1275 797 1342 horoscopus
847 1292 968 1326 cum
1010 1272 1133 1326 Sole
1179 1274 1236 1325 in
1277 1271 1512 1326 Geminis
1557 1272 1721 1325 fuerit
1758 1272 1938 1326 inven-
1964 1296 2004 1328 15

248 1352 350 1417 tus,
397 1352 451 1401 et
497 1350 553 1400 in
590 1347 708 1400 MC.
755 1348 810 1399 id
857 1351 937 1400 est
983 1347 1039 1399 in
1078 1347 1322 1400 Piscibus
1370 1347 1521 1399 Luna
1566 1347 1729 1400 fuerit
1777 1347 1936 1399 collo-

249 1426 380 1491 cata,
405 1425 461 1475 in
485 1421 627 1474 IMC.
652 1440 776 1475 vero
802 1422 856 1474 id
881 1425 961 1474 est
984 1422 1040 1474 in
1065 1421 1290 1492 Virgine
1313 1421 1458 1474 Mars
1483 1421 1806 1474 constitutus
1833 1441 1896 1470 με
1912 1443 1937 1470 *

249 1515 466 1550 occasus
506 1497 773 1549 cardinem
813 1499 1006 1564 teneat,
1046 1497 1120 1548 ita
1159 1499 1221 1548 ut
1259 1495 1387 1563 <in>
1427 1496 1728 1564 duplicibus
1769 1495 1938 1565 signis

249 1571 527 1624 constituti
570 1574 714 1623 totos
756 1571 1033 1640 geniturae
1075 1570 1313 1623 cardines
1345 1573 1575 1637 teneant,
1615 1570 1840 1622 caducos
1874 1588 1939 1622 ex

248 1646 352 1698 ista
393 1646 647 1698 societate
687 1645 986 1713 perficiunt.
1965 1666 2007 1698 20

160 1721 229 1774 78
362 1718 418 1772 Si
474 1720 529 1771 in
584 1719 782 1787 duplici
838 1719 991 1788 signo
1046 1717 1290 1786 Iuppiter
1345 1720 1637 1770 collocatus
1694 1717 1782 1786 [si]
1823 1716 1937 1769 MC.

249 1795 515 1846 cardinem
555 1795 747 1861 teneat,
787 1797 839 1845 et
879 1811 998 1845 eum
1034 1794 1090 1844 in
1122 1791 1263 1844 IMC.
1299 1791 1559 1844 Saturnus
1591 1792 1799 1860 positus
1833 1791 1940 1843 dia-

247 1871 415 1920 metra
455 1867 753 1919 radiatione
791 1867 1064 1935 respiciat,
1115 1870 1167 1918 et
1206 1866 1356 1918 Luna
1398 1865 1627 1918 Saturno
1669 1866 1939 1918 societatis

249 1942 621 1994 coniunctione
658 1941 924 2011 iungatur,
964 1940 1030 1992 ab
1065 1939 1327 1993 extraneis
1361 1941 1598 2008 adoptati
1630 1939 1938 1993 hereditatis

247 2015 407 2068 titulo
455 2015 837 2084 patrimonium
886 2018 1167 2082 quaerunt,
1214 2018 1276 2066 ut
1319 2014 1452 2066 fiant
1500 2032 1683 2066 eorum
1729 2013 1937 2084 legibus
1963 2035 2004 2068 25

248 2089 361 2159 filii,
405 2091 601 2158 quibus
640 2092 830 2141 natura
869 2088 1010 2141 filios
1051 2089 1348 2157 denegarat.

94 2179 96 2182 ’
161 2165 229 2216 79
361 2162 418 2216 Si
458 2165 515 2216 in
546 2162 660 2215 MC.
693 2163 837 2215 Mars
878 2166 930 2215 et
964 2161 1223 2215 Saturnus
1264 2165 1317 2214 et
1349 2161 1530 2214 Venus
1570 2164 1794 2229 aequata
1833 2161 1940 2213 sint

248 2238 479 2306 partium
521 2237 773 2290 societate
813 2237 1107 2304 coniuncti,
1159 2239 1212 2288 et
1256 2236 1341 2287 his
1383 2239 1604 2303 quartus
1643 2235 1937 2288 Mercurius

368 2388 392 2425 2
433 2383 611 2439 positus
644 2396 726 2427 om.
760 2385 799 2425 Δ
953 2387 978 2425 3
1019 2384 1204 2424 mutans
1235 2386 1274 2423 N
1312 2380 1573 2424 mutatisD
1725 2385 1751 2422 4
1783 2379 1939 2436 perdit

249 2445 288 2485 Δ
427 2447 452 2484 5
483 2441 602 2485 IMC.
638 2468 691 2473 —
726 2447 751 2484 6
784 2440 881 2485 MC.
915 2442 975 2498 Δ]
1010 2440 1106 2484 MC.
1141 2467 1195 2472 —
1228 2439 1346 2483 IMC.
1385 2442 1431 2483 Γ
1569 2444 1594 2482 9
1629 2440 1668 2482 si
1694 2445 1800 2494 post
1830 2453 1938 2483 con-

250 2501 406 2544 stituti
443 2515 546 2558 pon.
588 2504 674 2544 AG
739 2504 743 2554 Ι
813 2501 853 2543 si
891 2514 998 2544 vero
1038 2504 1117 2542 AB
1171 2513 1277 2542 vero
1310 2505 1416 2554 post
1453 2499 1599 2555 signis
1639 2500 1744 2542 add
1787 2503 1820 2540 G

253 2565 305 2603 12
339 2561 378 2603 si
410 2575 492 2604 om.
520 2563 559 2603 Δ
611 2561 617 2617 Ι
668 2559 892 2603 Saturnus
926 2561 972 2603 et
1004 2559 1127 2602 Mars
1160 2561 1198 2601 A
1326 2563 1377 2600 17
1410 2571 1517 2601 vero
1549 2558 1598 2600 in
1630 2557 1726 2602 MC.
1760 2557 1809 2599 in
1833 2557 1938 2600 Vir-

246 2620 357 2675 gine
390 2622 429 2662 A
474 2622 480 2674 Ι
525 2621 607 2664 lac.
640 2625 741 2663 stat.
775 2621 799 2670 ζ
919 2622 972 2661 18
1007 2619 1247 2661 cardinum
1278 2621 1356 2659 BG
1406 2618 1411 2674 Ι
1463 2618 1568 2661 add.
1601 2632 1629 2659 a.
1751 2621 1803 2660 19
1837 2618 1937 2659 toto

249 2682 327 2720 AB
362 2678 566 2734 (cardine
599 2681 651 2734 A)
782 2682 834 2720 21
870 2679 950 2722 del.
984 2693 1013 2719 v
1070 2678 1075 2734 Ι
1133 2676 1180 2719 111
1213 2676 1367 2720 medio
1401 2676 1499 2719 celo
1531 2674 1584 2718 A‘
1593 2680 1625 2718 B
1747 2680 1803 2718 22
1839 2689 1937 2718 car-

247 2737 411 2780 dinum
446 2739 492 2781 Γ
543 2741 548 2794 1
608 2738 732 2794 eum]
777 2751 878 2779 cum
913 2739 997 2779 AB
1055 2739 1060 2792 Ι
1118 2736 1166 2779 111
1210 2750 1293 2779 om.
1326 2738 1366 2778 A
1519 2740 1574 2778 23
1614 2733 1836 2790 respiciat
1870 2735 1936 2790 Γ]

248 2796 461 2850 perficiat
492 2799 531 2839 A
591 2799 597 2853 Ι
657 2796 853 2839 Saturno
886 2796 1123 2839 societatis
1152 2795 1218 2852 Γ]
1254 2793 1439 2837 Saturni
1465 2797 1504 2836 A
1628 2798 1683 2836 25
1715 2793 1937 2848 patrimo-

249 2854 432 2897 niorum
464 2858 503 2898 A
628 2861 690 2898 26
716 2855 959 2911 denegarit
990 2858 1045 2895 Β·
1053 2869 1082 2896 v
1209 2858 1263 2897 28
1296 2852 1531 2909 partiliter
1561 2855 1601 2895 A
1635 2854 1807 2908 (partes
1842 2854 1891 2907 G)
1927 2852 1931 2908 Ι

248 2918 441 2967 quartus
473 2915 561 2971 Dv]
598 2917 798 2970 quatuor
