2078 3174
830 170 892 214 VI
923 175 994 224 32,
1019 182 1180 215 18—26.
1747 167 1850 220 181

162 291 417 360 diximus,
466 289 836 344 benivolarum
887 290 1092 343 scilicet
1138 288 1616 357 malivolarumque
1661 288 1855 372 radioS,

161 366 400 418 locorum
447 364 608 418 etiam
656 367 708 418 et
755 365 1032 435 signorum
1070 367 1381 433 potestateS,
1428 362 1590 416 etiam
1629 366 1683 415 et
1721 361 1855 414 mix-

162 442 310 492 turas
358 438 882 518 temperationesque
936 438 1222 491 radiorum
1301 436 1448 500 Quae
1501 454 1623 489 cum
1675 436 1857 490 omnia

163 504 388 581 aequata
437 513 818 580 conparatione
872 512 1188 579 contuleris,
1240 511 1429 564 matris
1481 512 1662 564 locum
1715 510 1855 564 veris

118 608 139 640 5
163 587 366 655 poteris
405 587 669 656 explicare
708 586 1003 640 sententiis,

276 659 391 731 [De
428 659 570 713 loco
610 660 925 730 fratrum]
986 659 1044 714 Si
1089 659 1269 712 locum
1314 659 1541 712 fratrum
1586 658 1857 728 partiliter
1873 658 1943 711 23

162 735 396 788 volueris
442 734 704 803 invenire,
751 738 805 788 et
845 734 916 788 sit
956 734 1146 787 diurna
1184 734 1454 804 genitura,
1505 753 1536 786 a
1573 735 1726 803 parte
1766 731 1858 785 Sa-

162 809 311 861 turni
364 807 622 862 inchoans
675 827 846 878 usque
901 808 967 861 ad
1020 812 1228 877 partem
1287 811 1521 876 conputa
1570 806 1743 875 IoviS,
1803 810 1857 860 et

163 886 626 952 quantuscumque
658 886 923 952 conputus
954 882 1132 952 fuerit,
1171 900 1434 935 summam
1465 881 1604 935 hanc
1636 881 1857 934 eandem

96 977 140 1010 ιο
163 957 231 1009 ab
292 957 580 1026 horoscopi
640 960 793 1026 parte
852 956 1111 1010 inchoans
1171 974 1267 1026 per
1321 956 1598 1025 sequentia
1652 955 1856 1008 divides

163 1031 330 1101 signa,
371 1034 424 1083 et
463 1032 519 1083 in
560 1049 879 1100 quocunque
919 1031 1073 1101 signo
1112 1031 1281 1084 totius
1319 1031 1528 1083 numeri
1564 1030 1859 1083 novissima

162 1123 288 1173 pars
327 1105 550 1173 venerit,
588 1106 693 1158 hoc
731 1105 834 1158 tibi
873 1106 1089 1176 signum
1127 1105 1353 1158 fratrum
1393 1105 1629 1158 ostendit
1665 1105 1857 1157 locum.

164 1177 221 1232 Si
260 1198 385 1232 vero
426 1183 690 1232 nocturna
726 1179 891 1233 fuerit
930 1180 1190 1250 genitura,
1230 1198 1261 1231 a
1298 1177 1426 1232 Iove
1464 1178 1532 1231 ad
1567 1177 1858 1231 Saturnum

163 1254 328 1306 simili
367 1271 516 1306 more
557 1253 873 1323 conputabis
913 1271 1126 1308 omnem
1173 1253 1407 1322 partium
1453 1270 1759 1320 numerum,
1806 1255 1860 1304 et

96 1347 139 1381 15
164 1328 241 1380 sic
295 1327 360 1379 ab
415 1327 716 1397 horoscopo
771 1327 1031 1381 inchoans
1085 1328 1190 1380 hoc
1238 1326 1380 1380 idem
1434 1327 1597 1380 simili
1650 1326 1859 1379 ratione

161 1402 419 1471 perficies
492 1400 626 1454 Cum
667 1420 794 1472 ergo
826 1402 1004 1455 locum
1036 1402 1265 1454 fratrum
1298 1402 1404 1454 ista
1433 1401 1617 1470 partili
1647 1402 1856 1453 ratione
1872 1399 1946 1452 24

164 1477 458 1546 collegeriS‚
498 1476 700 1545 inspice
739 1476 882 1528 hunc
921 1475 1147 1528 eundem
1185 1475 1364 1528 locum
1407 1478 1669 1545 quatenus
1706 1475 1858 1527 mali-

162 1549 315 1603 volae
349 1552 534 1604 stellae
564 1550 948 1620 benivolaeque
981 1551 1282 1618 respiciant.
1352 1549 1492 1602 Vide
1523 1550 1682 1603 etiam
1718 1549 1858 1619 signi

162 1627 500 1692 potestatem,
539 1627 592 1677 et
632 1643 738 1692 quo
778 1625 899 1678 loco
932 1625 1208 1694 geniturae
1239 1624 1344 1678 hoc
1376 1625 1591 1694 signum
1619 1624 1858 1693 positum

95 1718 139 1750 20
164 1716 278 1751 esse
316 1698 572 1752 videatur.
651 1697 709 1751 Si
756 1699 898 1751 enim
945 1698 1222 1751 benivolae
1270 1701 1456 1751 stellae
1502 1701 1596 1750 aut
1643 1698 1700 1750 in
1739 1697 1856 1766 ipso
1874 1695 1946 1749 25

164 1773 318 1842 signo
350 1772 552 1826 fuerint
583 1773 845 1841 inventae,
885 1776 978 1825 aut
1009 1772 1066 1824 in
1098 1775 1382 1842 oportunis
1414 1773 1693 1842 geniturae
1723 1771 1857 1824 locis

164 1846 504 1915 constitutae,
543 1850 596 1899 et
634 1848 692 1900 in
730 1846 814 1899 his
854 1847 1024 1918 signis
1062 1847 1119 1900 in
1160 1847 1357 1915 quibus
1397 1846 1646 1916 gaudent,
1683 1847 1770 1899 vel
1801 1846 1858 1898 in

163 1919 359 1988 quibus
393 1920 710 1989 exaltantur,
741 1920 826 1974 vel
857 1921 914 1973 in
946 1921 1231 1974 domiciliis
1267 1922 1377 1973 suis
1411 1921 1520 1973 sint
1551 1923 1859 1987 collocatae,

162 1993 455 2047 multorum
502 2013 565 2047 ac
607 1996 872 2048 bonorum
912 1995 1140 2047 fratrum
1182 1996 1510 2048 consortium
1550 1995 1856 2048 decernunt.

96 2087 139 2120 25
166 2066 222 2119 Si
269 2086 394 2121 vero
442 2069 727 2122 malivolae
774 2071 960 2122 stellae
1005 2068 1110 2122 hoc
1156 2069 1295 2122 idem
1345 2069 1590 2138 fecerint,
1639 2069 1855 2121 benivo-

161 2141 335 2194 larum
375 2145 651 2196 stellarum
690 2142 1015 2195 testimoniis
1057 2142 1364 2212 destitutae,
1416 2143 1743 2196 contrarium
1780 2142 1858 2194 fa-

163 2216 327 2269 ciunt.
405 2215 463 2269 Si
516 2235 643 2269 vero
698 2216 978 2270 benivolae
1032 2219 1086 2268 et
1138 2216 1422 2269 malivolae
1473 2219 1657 2270 stellae
1711 2216 1856 2270 hunc
1873 2215 1944 2268 26

163 2289 388 2342 eundem
428 2290 606 2342 locum
646 2293 873 2359 aequata
913 2289 1183 2344 societatis
1214 2294 1481 2360 potestate
1512 2291 1857 2359 respexerint,

164 2367 217 2415 et
256 2363 386 2416 dant
423 2363 613 2417 fratres
653 2365 854 2433 pariter
893 2383 952 2418 ac
991 2367 1206 2418 tollunt.
1278 2364 1382 2418 Sed
1414 2365 1703 2418 secundum
1737 2364 1859 2417 stel-

96 2438 337 2490 solarum
377 2455 573 2508 genera
612 2442 802 2492 cuncta
840 2439 1108 2492 tractabis.
1183 2438 1453 2492 Masculae
1498 2440 1638 2492 enim
1679 2439 1824 2491 beni·
1842 2448 2017 2493 sot-W!

283 2558 308 2596 2
342 2553 484 2597 etiam
517 2555 563 2597 et
588 2554 834 2612 posterius]
866 2555 923 2609 cf.
957 2555 1019 2599 ad
1051 2557 1086 2598 I
1104 2559 1176 2610 67,
1201 2570 1248 2610 6;
1290 2556 1408 2600 adde
1438 2555 1600 2600 Soran.
1628 2558 1710 2608 30,
1743 2555 1856 2608 Lo'f-

162 2613 290 2666 stedt,
322 2613 515 2669 Spd‘tlat.
543 2613 673 2657 stud.
701 2629 749 2670 p.
776 2617 862 2668 32,·
894 2619 943 2658 at
973 2619 1124 2659 tamen
1156 2614 1299 2659 etiam
1331 2615 1413 2658 del.
1450 2628 1474 2658 6
1598 2619 1620 2657 7
1656 2615 1703 2657 et
1734 2614 1778 2671 a]
1818 2613 1856 2656 si

164 2675 263 2727 (om.
289 2675 344 2727 N)
467 2676 493 2714 8
525 2672 715 2717 inchoas
740 2677 819 2716 BG
849 2675 953 2718 item
975 2688 1014 2718 v.
1044 2677 1098 2716 10
1148 2674 1154 2730 Ι
1203 2676 1361 2730 partes
1390 2676 1436 2717 Γ
1553 2677 1577 2716 9
1611 2674 1856 2728 quantam-

164 2744 360 2786 cumque
392 2730 511 2774 Iovis
545 2745 694 2788 comp.
727 2735 767 2775 Δ
893 2736 945 2775 12
979 2732 1139 2776 fratris
1171 2735 1211 2776 Δ
1338 2737 1390 2776 13
1428 2731 1570 2789 genit.
1604 2731 1746 2775 fuerit
1777 2735 1855 2773 AB

226 2794 280 2832 14
312 2803 437 2833 more
470 2790 667 2846 (ratione
691 2793 746 2847 A)
778 2791 1054 2847 conputabis
1090 2793 1156 2849 Γ]
1190 2792 1327 2835 111οά0
1359 2791 1603 2834 incohabis
1628 2794 1668 2834 Δ
1705 2794 1711 2845 Ι
1748 2805 1856 2846 par-

163 2848 282 2891 tium
306 2849 365 2906 A]
400 2849 549 2904 partis
578 2852 624 2893 Γ
742 2855 794 2893 15
827 2850 1018 2894 inchoas
1051 2854 1128 2892 BG
1252 2855 1306 2894 23
1341 2851 1435 2894 sint
1467 2850 1549 2894 del.
1576 2865 1601 2893 σ
1634 2851 1728 2894 sint
1760 2850 1855 2893 suis

163 2910 187 2958 ζ
316 2911 371 2950 24
405 2909 687 2952 consortium
717 2910 775 2966 R]
810 2911 1069 2953 consortem
1198 2914 1252 2953 27
1286 2909 1436 2953 beniv.
1471 2909 1634 2952 stellae
1668 2911 1715 2954 et
1744 2909 1854 2952 mal.

162 2966 286 3009 hunc
319 2970 356 3008 A
387 2973 429 3011 et
458 2971 506 3022 B,
539 2971 619 3024 qui
649 2970 696 3011 et
729 2983 811 3012 om.
936 2973 990 3012 29
1024 2981 1079 3012 ac
1111 2969 1208 3026 AB]
1243 2971 1290 3012 et
1320 2971 1406 3012 AG
