2066 3192
275 150 349 202 40
1001 148 1230 193 FIRMICI

274 289 394 323 rum
440 271 750 323 infortuniis
797 270 968 338 dabit,
1021 273 1150 322 tunc
1195 273 1419 339 paterna
1466 270 1768 324 substantia
1813 272 1963 325 dissi-

274 348 453 413 patur,
499 348 630 397 tunc
669 345 957 414 angustias,
995 347 1126 396 tunc
1166 343 1550 396 sollicitudines
1590 347 1718 397 tunc
1756 363 1963 398 accusa-

274 418 446 471 tiones
494 436 784 486 causasque
831 418 1079 470 decernit.
1158 416 1260 470 Sed
1305 420 1357 469 et
1396 436 1517 472 cum
1556 418 1771 471 domum
1812 437 1962 472 suam

273 511 456 545 rursus
495 493 658 545 fuerit
697 494 966 562 ingressus
975 534 988 559 ,
1038 491 1170 544 haec
1208 491 1390 543 eadem
1431 491 1593 545 simili
1631 491 1838 545 ratione
1877 493 1962 546 de-

185 568 255 620 32
275 566 454 620 cernit.
524 566 642 618 Hoc
681 567 841 618 etiam
881 569 1122 635 tempore
1156 569 1247 618 aut
1278 565 1512 636 indignis
1545 570 1637 619 aut
1667 567 1962 637 peregrinis
2009 589 2028 621 5

273 644 366 693 aut
405 640 687 694 servilibus
727 640 1043 693 mulieribus
1084 639 1370 708 copulabit.
1445 638 1549 692 Sed
1587 639 1718 693 haec
1756 641 1962 693 tamdiu

185 722 188 724 ’
273 715 627 783 sustinebunt,
665 714 919 783 quamdiu
957 714 1190 782 primum
1229 714 1486 767 circulum
1528 732 1712 768 cursus
1752 715 1834 768 sui
1873 713 1964 768 Sa·

274 792 465 841 turnus
504 789 559 841 id
598 791 677 841 est
715 788 865 840 XXX
907 806 1076 840 annos
1115 787 1373 856 conpleat.
1453 787 1654 841 Verum
1700 792 1824 857 post
1861 789 1964 842 hoc

272 865 484 932 tempus
532 880 901 931 quamcunque
947 862 1146 914 fuerint
1192 861 1368 915 sortiti
1408 880 1643 931 uxorem,
1694 863 1964 931 obsequiis

275 954 452 990 earum
508 938 650 1005 capti
699 936 1029 989 exhibebunt
1081 937 1320 1006 integros
1371 937 1676 1005 coniugales
1727 937 1962 990 affectus,
1988 958 2031 990 ιο

185 1012 255 1066 33
272 1010 392 1063 Hoc
437 1011 578 1063 idem
624 1014 678 1063 et
723 1011 780 1063 in
825 1011 1109 1063 mulierum
1155 1011 1416 1080 genituris
1465 1011 1711 1063 decernit.
1789 1010 1964 1064 Erunt

274 1103 398 1137 sane
431 1085 634 1138 cordati
666 1085 857 1138 semoti
887 1084 1016 1136 boni
1049 1084 1274 1168 consilii,
1307 1084 1574 1153 sapientes
1607 1084 1751 1138 docti
1781 1086 1963 1169 magni

274 1160 453 1211 omnia
493 1159 864 1228 desideranteS,
903 1159 1177 1228 imperiosi
1216 1158 1333 1211 noti
1374 1158 1617 1243 gloriosi,
1659 1160 1717 1211 in
1755 1159 1962 1229 magnis

273 1234 503 1304 negotiis
545 1234 845 1300 constituti,
901 1236 953 1285 et
1005 1251 1124 1286 cum
1174 1232 1466 1285 maioribus
1517 1233 1644 1286 viris
1691 1233 1962 1286 vinculum

274 1307 538 1361 amicitiae
594 1309 919 1377 copulantes,
974 1310 1027 1359 et
1072 1307 1200 1376 <111>
1247 1308 1456 1377 magnis
1511 1306 1817 1359 civitatibus
1872 1309 1964 1360 aut
1988 1329 2030 1362 15

274 1383 330 1434 in
377 1383 585 1452 magnis
630 1382 847 1465 populis
892 1382 1148 1434 habentes
1195 1381 1413 1434 honoris
1468 1381 1714 1451 insignia
1790 1381 1966 1434 Erunt

276 1475 400 1510 sane
438 1456 572 1509 tales
613 1457 704 1526 qui
742 1474 1015 1524 nunquam
1057 1456 1174 1524 capi
1212 1455 1434 1524 fallique
1472 1456 1696 1524 possint,
1747 1459 1964 1510 conten-

275 1531 400 1583 tiosi
447 1530 618 1583 multa
663 1531 926 1583 discentes
975 1534 1028 1582 et
1067 1529 1236 1583 multa
1276 1530 1517 1593 scientes,
1564 1532 1617 1581 et
1656 1530 1748 1598 qui
1788 1530 1893 1582 cito
1933 1549 1964 1582 a

274 1605 525 1675 periculis
564 1604 871 1657 liberentur.
951 1603 1055 1656 Sed
1109 1623 1173 1657 ex
1226 1605 1402 1657 nervis
1457 1607 1510 1657 et
1564 1621 1628 1655 ex
1680 1621 1963 1657 nervorum

187 1682 258 1734 34
277 1679 550 1732 doloribus
591 1679 826 1748 graviter
864 1679 1173 1748 fatigantur.
1250 1677 1426 1731 Erunt
1463 1677 1752 1746 praepositi
1792 1678 1964 1746 publi·
1989 1700 2032 1732 20

276 1754 352 1807 cis
398 1754 547 1820 lociS,
587 1753 721 1805 alios
763 1753 1095 1821 adiuvanteS,
1145 1756 1198 1804 et
1238 1771 1301 1805 ex
1341 1751 1460 1804 aliis
1499 1752 1756 1805 habentes
1795 1752 1964 1804 homi-

274 1847 402 1880 num
441 1831 749 1896 potestates.
826 1826 1001 1879 Erunt
1049 1827 1232 1879 felices
1284 1827 1329 1878 si
1379 1826 1434 1879 in
1485 1826 1639 1878 bonis
1687 1826 1964 1897 geniturae

274 1903 406 1955 locis
449 1923 472 1950 *
494 1922 517 1950 ,ιι
540 1922 564 1950 *
605 1901 769 1954 fuerit
815 1902 1086 1969 inventUS,
1141 1901 1314 1953 aliena
1361 1900 1685 1969 patrimonia
1730 1900 1963 1969 posside-

276 1976 435 2044 bunt,
481 1975 650 2028 multa
695 1975 1058 2044 praestabunt.
1134 1975 1311 2027 Erunt
1356 1976 1488 2026 tales
1537 1974 1731 2042 quibus
1773 1974 1845 2026 dii
1882 1974 1963 2025 fu-

275 2054 395 2103 tura
433 2050 757 2119 praedicant,
798 2053 850 2102 et
882 2050 973 2118 qui
1006 2050 1170 2101 animi
1202 2049 1285 2101 sui
1316 2049 1573 2102 instinctu
1604 2049 1785 2101 futura
1817 2067 1962 2116 prae·
1988 2070 2028 2103 85

279 2125 504 2177 videant.
569 2123 958 2193 Mancipiorum
992 2141 1052 2175 ac
1083 2124 1481 2192 possessionum
1515 2122 1808 2175 dominium
1843 2140 1962 2175 con-

277 2202 578 2267 sequentur,
610 2198 880 2250 tradentes
920 2197 1273 2249 substantiam
1314 2215 1462 2249 suam
1502 2196 1645 2265 filiis,
1686 2200 1738 2248 et
1773 2214 1961 2248 uxores

276 2276 328 2325 et
387 2272 529 2325 filios
590 2290 687 2340 pro
751 2272 1026 2340 geniturae
1089 2290 1213 2324 suae
1277 2271 1485 2324 decreto
1549 2273 1960 2338 consequuntur.

398 2482 420 2519 1
456 2476 589 2520 dabit
619 2477 887 2521 infortuniis
922 2479 960 2519 Δ
1062 2483 1088 2519 5
1121 2476 1261 2519 etiam
1317 2475 1440 2518 enim
1473 2492 1500 2518 κ
1592 2480 1616 2518 6
1650 2489 1753 2518 cum
1786 2474 1961 2519 servili-

276 2537 363 2580 bus
388 2539 426 2580 A
457 2539 462 2591 Ι
491 2536 779 2592 copulabunt
806 2538 852 2579 Γ
878 2534 1238 2591 (copulabuntur
1255 2537 1279 2578 ,ἐ
1296 2538 1332 2589 ζ)
1363 2537 1368 2588 Ι
1398 2535 1477 2578 sed
1503 2535 1619 2578 haec
1643 2535 1684 2592 ζ]
1710 2535 1791 2577 sed
1816 2535 1961 2578 etiam

278 2595 480 2651 m(haec
519 2596 662 2639 etiam
694 2611 721 2638 a
765 2595 909 2638 etiam
947 2609 1031 2638 om.
1063 2597 1118 2649 N)
1152 2594 1233 2637 sed
1272 2593 1387 2636 vitia
1426 2594 1478 2637 el.
1511 2595 1546 2636 I
1570 2597 1768 2647 236,16
1799 2599 1841 2650 σ)

280 2659 302 2697 7
339 2654 565 2699 Saturnus
596 2656 662 2713 Γ]
689 2654 804 2697 facit
829 2657 867 2697 Δ
964 2658 1014 2696 11
1050 2652 1258 2696 mulieris
1291 2667 1402 2697 corr.
1429 2656 1453 2705 ζ
1482 2652 1785 2696 muliebribus
1818 2665 1843 2695 σ

281 2719 334 2756 15
368 2714 641 2769 copulantes
676 2714 743 2771 Γ]
775 2713 1000 2756 habentes
1034 2715 1072 2755 Δ
1114 2715 1119 2769 Ι
1155 2713 1259 2756 add.
1286 2716 1322 2753 A
1365 2715 1370 2765 Ι
1413 2714 1494 2755 aut
1526 2727 1553 2755 a
1583 2711 1767 2768 magnis
1800 2714 1839 2754 Δ

281 2777 332 2815 17
366 2773 468 2816 falli
508 2773 705 2829 capique
748 2773 942 2828 possunt
972 2774 1011 2814 A
1135 2775 1190 2813 20
1230 2771 1434 2828 graviter
1473 2786 1553 2816 om.
1586 2773 1632 2814 Γ
1747 2775 1800 2814 21
1843 2770 1959 2814 alios

279 2831 552 2875 adiuvantes
578 2833 623 2890 a]
658 2831 930 2875 adiuvantes
964 2843 1019 2874 ex
1051 2830 1154 2873 aliis
1182 2833 1188 2886 Ι
1216 2843 1271 2873 ex
1304 2829 1409 2872 aliis
1442 2845 1525 2875 om.
1556 2833 1601 2874 Γ
1621 2828 1866 2881 (alim-um?
1882 2831 1920 2885 ζ)
1951 2830 1954 2886 Ι

279 2891 535 2934 dominium
565 2891 814 2947 potestatis
846 2907 873 2933 κ
1013 2894 1067 2932 23
1101 2890 1267 2933 excidit
1297 2890 1448 2934 stellae
1478 2902 1639 2934 nomen
1670 2902 1697 2931 σ
1738 2890 1744 2943 Ι
1786 2888 1960 2932 fuerint

278 2950 454 2995 inventi
479 2953 517 2994 A
656 2955 710 2993 25
735 2949 1039 3007 praevideant
1069 2949 1115 3007 a]
1147 2948 1402 3006 praebeant
1545 2953 1599 2992 26
1634 2946 1841 2992 dominia
1871 2950 1956 2992 ΑΔ
