2100 3186
801 137 862 181 VI
894 141 965 192 35,
990 143 1144 193 6—36,
1167 151 1202 183 4.
1738 135 1843 188 199

155 259 314 312 debes
362 259 569 312 ratione
619 257 945 328 perspicere,
1000 259 1262 312 mixturas
1312 258 1730 327 temperationes
1782 256 1849 309 si-

155 351 323 403 gnum
353 333 532 386 100010
563 336 759 402 partes,
790 336 851 385 ut
874 350 939 385 ex
968 331 1163 386 horum
1195 331 1436 385 omnium
1468 331 1849 400 conparatione

154 410 331 460 totum
369 407 701 459 decretorum
741 406 981 459 ordinem
1019 407 1274 459 invenias.
1353 404 1459 458 Sed
1497 408 1551 458 et
1589 405 1656 458 ab
1692 405 1812 473 ipso
1831 415 2034 460 sot-8⁷¹7!

158 498 314 533 omne
345 480 448 533 hoc
479 483 692 549 tempus
724 480 1013 533 simillimis
1045 479 1346 533 rationibus
1380 479 1661 532 dividetur.
1714 478 1850 531 Cum

111 574 131 607 5
156 555 340 623 itaque
381 553 475 608 Sol
522 554 768 606 dominus
814 557 1119 623 temporum
1164 554 1328 607 fuerit
1375 554 1611 621 effectuS,
1662 570 1727 606 ex
1766 553 1849 604 de-

158 630 346 681 cennio
399 646 494 680 suo
541 627 671 680 XIX
709 646 917 681 menses
970 628 1071 681 sibi
1123 628 1341 681 detinet.
1417 626 1483 680 In
1531 627 1616 679 his
1668 628 1850 695 itaque

155 701 284 755 XIX
330 702 602 755 mensibus
650 702 788 754 nihil
835 702 900 754 ab
942 720 1004 754 eo
1043 720 1376 772 prosperum,
1424 702 1517 754 sed
1556 702 1736 754 omnia
1774 701 1852 754 in-

154 776 513 829 fortuniorum
553 794 747 847 genera
787 794 996 845 sperare
1033 777 1298 829 debemus,
1371 774 1477 829 Sed
1506 775 1638 827 haec
1671 775 1851 828 omnia

155 850 213 903 in
252 851 440 903 diurna
478 851 724 919 genitura
764 868 829 902 ex
868 854 1019 919 parte
1059 851 1239 920 aliqua
1276 850 1617 920 mitigantur,
1665 849 1757 902 sed
1796 852 1851 901 et

89 945 132 977 ιο
156 942 220 977 ex
258 923 401 977 Iovis
440 925 748 977 testimonio
791 924 1098 994 sopiuntur,
1149 924 1365 977 Saturni
1404 941 1530 976 vero
1571 928 1624 977 et
1663 923 1851 975 Martis

150 995 458 1068 eriguntur,
504 998 818 1068 praesertim
867 999 912 1052 si
959 999 1016 1051 in
1062 1000 1310 1068 genitura
1358 998 1497 1050 male
1536 997 1702 1050 fuerit
1748 997 1853 1051 col-

156 1072 376 1127 locatus,

268 1145 327 1199 Si
367 1145 461 1199 Sol
507 1149 812 1215 temporum
861 1146 1110 1200 dominus
1157 1147 1320 1200 fuerit
1368 1147 1608 1214 effectuS,
1656 1165 1723 1198 ex
1770 1144 1905 1199 ‹ie-2

158 1220 346 1273 cennio
396 1238 492 1272 suo
542 1219 773 1274 Saturno
813 1220 966 1273 XXX
1012 1221 1235 1291 deputat
1284 1239 1506 1274 menses.
1587 1219 1719 1274 Cum
1758 1220 1855 1272 ita-

92 1314 135 1348 15
161 1312 264 1362 que
305 1293 567 1347 Saturnus
609 1295 921 1363 deputatum
962 1295 1065 1347 sibi
1105 1314 1136 1347 a
1176 1294 1300 1348 Sole
1331 1298 1545 1363 tempus
1577 1294 1856 1363 acceperit,

162 1369 219 1421 in
256 1372 518 1421 nocturna
558 1369 772 1438 quidem
805 1369 1051 1439 genitura
1081 1369 1396 1439 pestiferum
1427 1387 1488 1422 ac
1518 1368 1852 1422 mortiferum

160 1443 398 1495 minatur
452 1443 702 1510 exitium,
756 1444 812 1496 in
867 1443 1056 1496 diurna
1108 1462 1234 1496 vero
1290 1443 1537 1514 genitura
1590 1443 1856 1495 maximae

159 1516 437 1570 felicitatis
469 1517 797 1571 incrementa
830 1517 1080 1587 decernit,
1111 1536 1208 1587 pro
1236 1517 1515 1588 geniturae
1540 1517 1858 1586 substantia,

160 1591 475 1660 praesertim
515 1592 561 1644 si
598 1591 733 1645 bene
773 1592 830 1644 in
870 1592 1082 1645 decreto
1121 1592 1286 1645 fuerit
1326 1594 1631 1645 collocatus.

91 1686 135 1718 20
274 1664 332 1718 Si
374 1664 468 1718 Sol
515 1668 817 1734 temporum
865 1666 1113 1719 dominus
1159 1666 1323 1719 fuerit
1368 1666 1605 1735 effectuS,
1656 1684 1720 1718 ex
1771 1664 1856 1718 de·
1874 1663 1907 1715 3

160 1740 347 1791 cennio
403 1757 498 1792 suo
554 1738 670 1792 Iovi
728 1740 947 1808 deputat
1001 1739 1108 1792 XII
1162 1757 1384 1793 menses.
1478 1738 1613 1792 Cum
1674 1739 1856 1808 itaque

158 1812 402 1883 Iuppiter
441 1814 755 1882 deputatum
796 1814 899 1867 sibi
935 1833 965 1866 a
998 1813 1122 1868 Sole
1154 1817 1366 1883 tempus
1399 1813 1676 1882 acceperit,
1714 1818 1855 1866 tran-

161 1887 359 1956 quillae
398 1887 672 1940 felicitatis
712 1889 992 1941 commoda
1030 1906 1149 1941 cum
1191 1889 1425 1941 maxima
1463 1888 1604 1940 vitae
1650 1887 1856 1940 laetitia

164 1962 419 2030 decernit,
474 1964 533 2014 ut
587 1962 849 2015 malorum
904 1963 1144 2015 omnium
1195 1963 1422 2033 vestigio
1475 1961 1684 2015 deterso
1737 1979 1856 2030 pro-

93 2055 135 2088 15
163 2054 378 2104 sperum
428 2053 548 2088 eum
596 2054 752 2088 omne
798 2036 1074 2088 felicitatis
1122 2041 1334 2104 tempus
1386 2036 1626 2104 accipiat.
1705 2035 1857 2088 Tunc

160 2109 466 2162 relaxantur
505 2109 711 2176 damna,
750 2112 879 2162 tunc
920 2111 1121 2162 sanitas
1153 2110 1410 2178 redditur,
1449 2113 1577 2162 tunc
1610 2128 1675 2162 ex
1706 2128 1854 2178 prae-

162 2183 472 2236 cedentibus
513 2183 910 2236 discriminibus
949 2184 1261 2237 liberantur.

275 2255 332 2309 Si
373 2255 464 2310 Sol
513 2260 816 2326 temporum
865 2258 1112 2310 dominus
1160 2258 1322 2310 fuerit
1369 2258 1612 2325 effectus,
1663 2275 1729 2309 ex
1770 2256 1908 2309 ‹ie-4

163 2332 351 2384 cennio
405 2348 500 2382 suo
551 2330 712 2383 Marti
764 2349 970 2384 menses
1021 2331 1124 2384 XV
1174 2333 1407 2400 deputat.
1487 2329 1622 2384 Cum
1673 2332 1855 2400 itaque

285 2467 307 2505 1
340 2461 568 2517 inspicere
600 2464 639 2505 Δ
683 2463 689 2515 Ι
740 2462 977 2519 signorum
1010 2465 1049 2506 Δ
1202 2467 1228 2505 2
1262 2462 1634 2518 comparationes
1667 2466 1796 2504 Bon

165 2525 190 2564 3
225 2521 283 2564 ab
308 2521 354 2578 a]
382 2523 463 2564 aut
483 2522 529 2564 Γ
547 2535 630 2564 om.
649 2524 689 2565 Δ
717 2523 723 2578 1
751 2522 852 2576 ipse
878 2521 1135 2565 ..simili
1158 2521 1340 2566 ratione
1365 2521 1545 2565 dividet
1568 2523 1608 2565 Δ
1728 2525 1753 2563 6
1785 2534 1856 2563 10-

163 2580 285 2624 tinet
315 2584 351 2622 A
382 2580 441 2634 cf.
475 2583 580 2634 196,
605 2592 625 2622 9
775 2584 800 2623 8
841 2581 997 2624 omnia
1028 2581 1084 2638 A]
1117 2581 1249 2624 Luna
1279 2585 1358 2623 BG
1397 2581 1554 2624 Lunae
1587 2582 1626 2623 Δ
1671 2579 1797 2622 mala
1828 2596 1856 2623 κ

225 2644 250 2683 9
283 2639 561 2695 mitigantur
591 2639 672 2682 sed
704 2653 786 2683 om.
812 2642 852 2683 A
990 2643 1044 2683 10
1077 2640 1323 2696 sopiuntur
1351 2641 1417 2698 Γ]
1451 2639 1730 2696 mitigantur
1754 2641 1794 2682 A

169 2704 220 2742 11
256 2698 431 2741 fuerint
463 2697 679 2742 collocati
711 2711 735 2741 6
888 2703 942 2742 15
974 2701 1157 2755 tempus
1189 2713 1217 2742 a
1249 2698 1354 2742 Sole
1387 2701 1426 2742 A
1577 2701 1630 2741 16
1664 2697 1858 2754 pestife-

165 2772 268 2801 rum
301 2783 355 2790 -—
391 2762 443 2801 17
478 2757 692 2813 genitura
723 2771 806 2801 om.
841 2759 879 2800 A
1027 2763 1082 2800 20
1116 2771 1171 2801 ex
1203 2759 1261 2815 A]
1297 2758 1354 2801 de
1392 2759 1438 2801 Γ
1576 2762 1629 2799 21
1663 2756 1747 2799 XH
1780 2756 1859 2800 de-

166 2818 305 2873 putat
326 2821 366 2859 N
487 2821 543 2859 24
569 2817 775 2860 omnium
800 2816 901 2874 GN]
927 2818 1054 2860 omni
1176 2822 1231 2860 25
1257 2830 1363 2860 0001
1387 2817 1428 2874 ζ]
1454 2816 1579 2860 enim
1604 2817 1704 2872 (om.
1731 2819 1820 2871 Aa)
1848 2815 1854 2874 Ι

168 2889 302 2919 01000
343 2876 404 2933 Δ]
451 2875 685 2919 hominem
716 2879 834 2917 BGv
876 2889 1011 2919 omen
1042 2879 1079 2917 A
1126 2877 1311 2931 (probat
1348 2893 1376 2919 κ
1416 2877 1497 2932 qui
1533 2877 1718 2932 tempus
1758 2875 1858 2927 del„

166 2948 386 2991 prospero
420 2948 524 2978 eum
557 2934 709 2978 omine
742 2937 783 2990 σ)
906 2939 961 2978 29
995 2948 1076 2978 suo
1108 2949 1191 2979 om.
1225 2938 1304 2977 AB
