2090 3198
293 167 404 220 320
1027 165 1255 211 FIRMICI

293 288 506 355 exoleti,
553 287 619 338 ad
666 305 822 340 omne
869 288 1060 340 vitium
1107 288 1417 357 inpuritatis
1456 287 1734 358 applicati,
1780 306 1983 340 reuma-

294 361 392 415 tici
448 361 651 413 cinaedi
707 361 799 414 sed
851 380 984 430 quos
1034 363 1214 432 gravis
1265 380 1474 431 semper
1522 362 1700 431 pulset
1748 362 1983 415 infamia.

294 435 357 488 In
407 438 559 504 parte
598 433 717 487 VH.
756 435 917 488 Tauri
957 437 1278 505 quicumque
1317 436 1567 488 habuerit
1611 436 1985 504 horoscopum,

297 510 399 563 erit
428 509 698 578 haruspex
728 528 899 580 augur
928 511 1319 580 praestigiator.
1381 509 1447 562 In
1470 508 1615 562 VIII.
1648 513 1799 579 parte
1823 510 1985 563 Tauri

296 583 617 652 quicumque
662 582 912 636 habuerit
957 585 1331 654 horoscopum,
1383 585 1537 636 novis
1593 587 1644 636 et
1694 585 1985 652 repentinis
2031 605 2051 639 5

242 658 278 710 3
295 660 582 726 provectus
605 657 901 710 honoribus
927 658 1109 710 subito
1135 658 1405 711 morietur.
1445 657 1509 710 In
1531 661 1683 726 parte
1708 656 1797 712 IX.
1823 657 1985 710 Tauri

213 753 217 755 ·
297 732 619 799 quicumque
648 730 934 784 habuerint
963 732 1336 801 horoscopum,
1369 735 1523 785 erunt
1553 735 1738 801 turpes
1761 731 1985 785 infames

296 805 536 857 omnium
576 805 831 858 vitiorum
869 806 989 858 labe
1030 807 1238 875 polluti.
1307 805 1371 858 In
1402 809 1553 875 parte
1583 805 1647 859 X.
1679 805 1841 858 Tauri
1873 805 1985 873 qui-

295 897 522 948 cumque
552 879 842 932 habuerint
873 879 1250 949 horoscopum,
1283 883 1439 933 erunt
1468 880 1598 932 mali
1625 879 1848 950 maligni
1878 899 1985 932 ma—

293 953 477 1021 litiosi,
528 956 582 1005 et
632 955 726 1023 qui
764 954 1014 1007 omnibus
1053 954 1382 1007 infelicitatis
1422 957 1739 1023 quassentur
1785 955 1985 1006 incom-
2010 976 2053 1008 ιο

294 1027 482 1080 modis,
563 1026 666 1079 Sed
719 1027 777 1079 hi
831 1028 1145 1081 biothanata
1200 1046 1407 1096 semper
1456 1031 1628 1081 morte
1675 1028 1983 1080 morientur.

294 1101 358 1154 In
396 1105 546 1170 parte
585 1100 676 1154 XI.
716 1102 878 1154 Tauri
918 1104 1240 1171 quicumque
1278 1102 1564 1155 habuerint
1612 1101 1987 1170 horoscopum,

295 1175 546 1246 malignis
599 1176 916 1229 humoribus
970 1177 1160 1229 vitiato
1217 1194 1439 1245 corpore
1493 1177 1880 1244 intumescunt,
1934 1178 1987 1227 et

242 1249 578 1318 4hydropici
622 1251 928 1303 morientur.
1006 1250 1070 1303 In
1114 1254 1265 1319 parte
1304 1249 1422 1303 XII.
1462 1250 1619 1303 Tauri
1664 1251 1985 1319 quicumque

295 1323 582 1376 habuerint
614 1324 987 1394 horoscopum,
1021 1325 1343 1377 concremati
1374 1325 1589 1395 ignibus
1622 1327 1858 1393 pereunt.
1922 1323 1985 1375 In
2012 1345 2052 1378 15

294 1401 445 1466 parte
507 1397 654 1450 XIII.
713 1398 874 1451 Tauri
931 1399 1253 1467 quicumque
1306 1399 1553 1451 habuerit
1612 1398 1986 1467 horoscopum,

296 1472 397 1524 erit
456 1473 792 1540 praepositus
854 1473 1178 1525 athletarum
1231 1473 1316 1526 vel
1369 1473 1625 1542 magister
1676 1474 1983 1542 palaestrae.

295 1545 357 1598 In
396 1550 547 1614 parte
586 1545 729 1599 XIV.
770 1546 932 1599 Tauri
972 1548 1292 1616 quicumque
1331 1547 1578 1600 habuerit
1615 1547 1987 1615 horoscopum,

297 1620 400 1672 erit
439 1637 630 1689 corpus
671 1623 783 1673 eius
821 1621 992 1675 foedis
1033 1620 1288 1674 odoribus
1327 1638 1654 1690 possessum,
1692 1625 1754 1672 ut
1791 1620 1986 1673 hircini

297 1694 518 1747 foetoris
557 1695 812 1747 miserum
852 1714 1059 1764 semper
1101 1695 1241 1748 virus
1282 1696 1515 1749 exsudet.
1586 1694 1651 1746 In
1687 1699 1840 1763 parte
1870 1693 1984 1746 XV.
2011 1714 2054 1746 πο

297 1768 459 1820 Tauri
511 1769 835 1837 quicumque
885 1769 1170 1822 habuerint
1207 1768 1587 1838 horoscopum,
1638 1772 1794 1821 erunt
1843 1786 1986 1820 men-

301 1842 453 1894 daces
493 1845 546 1895 et
583 1843 648 1894 ab
691 1844 837 1895 omni
876 1843 980 1895 fide
1018 1844 1256 1896 veritatis
1298 1844 1541 1912 separati.
1611 1843 1787 1895 Erunt
1826 1843 1986 1894 etiam

247 1914 281 1966 5
301 1916 486 1968 edaces
514 1917 670 1986 gulae
695 1918 1002 1984 ventrisque
1029 1917 1344 1969 libidinibus
1378 1917 1678 1969 servientes.
1741 1915 1805 1968 In
1835 1919 1986 1984 parte

115 2001 331 2045 sol-108r11
352 1989 494 2042 XVI.
533 1990 696 2042 Tauri
737 1992 1058 2060 quicumque
1098 1991 1383 2043 habuerint
1420 1990 1792 2059 horoscopum,
1832 1992 1987 2042 erunt

298 2065 364 2116 ad
405 2065 583 2117 omnia
616 2065 748 2117 vitia
781 2065 1126 2133 coinquinati.
1195 2064 1258 2117 In
1290 2068 1442 2134 parte
1475 2063 1645 2117 XVII.
1678 2065 1840 2116 Tauri
1873 2064 1985 2132 qui·
2010 2084 2051 2117 25

300 2155 526 2206 cumque
556 2138 842 2191 habuerint
873 2139 1244 2208 horoscopum,
1284 2143 1439 2192 erunt
1469 2139 1609 2191 fabri
1639 2138 1860 2190 ferrarii.
1922 2135 1985 2189 In

299 2216 449 2281 parte
487 2211 685 2265 XVIII.
717 2213 879 2266 Tauri
921 2214 1240 2281 quicumque
1285 2213 1569 2266 habuerint
1616 2213 1985 2279 horoscopum,
2018 2227 2025 2233 ·

300 2290 456 2338 erunt
495 2287 773 2356 (semper)
814 2287 951 2340 servi
991 2287 1220 2340 humiles
1251 2288 1497 2355 pistores
1566 2285 1628 2338 In
1661 2290 1811 2355 parte
1842 2284 1984 2337 XIX.

359 2534 362 2538 ,
421 2496 442 2533 1
486 2490 701 2546 appliciti
732 2496 767 2532 D
847 2493 853 2546 Ι
932 2492 1147 2535 rumatici
1191 2494 1239 2548 (i.
1271 2506 1305 2536 e.
1338 2493 1418 2547 qui
1447 2506 1491 2536 se
1522 2491 1825 2536 inrumandos
1850 2504 1985 2545 prae-

300 2550 449 2606 beant)
482 2552 506 2601 ζ
543 2552 678 2593 erunt
707 2550 888 2605 pathici
921 2563 945 2592 6
986 2550 1284 2594 irrumatores
1317 2567 1344 2593 a
1467 2555 1491 2593 3
1522 2550 1739 2593 habuerit
1769 2550 1984 2592 horosco-

300 2623 412 2664 pum
443 2609 501 2666 N]
548 2609 726 2652 horosc.
759 2609 866 2653 hab.
899 2609 1076 2653 horosc.
1113 2614 1146 2651 G
1191 2610 1289 2655 hor.
1321 2609 1428 2652 hab.
1462 2608 1557 2651 A'D
1720 2614 1746 2651 4
1789 2608 1983 2664 praesti·

301 2668 454 2724 giator
484 2681 567 2711 om.
597 2670 644 2711 Γ
695 2670 699 2723 Ι
757 2683 801 2723 p.
835 2667 953 2710 VIII.
983 2671 1022 2711 Δ
1146 2674 1171 2712 ὅ
1206 2671 1253 2712 et
1282 2669 1346 2726 Γ]
1381 2682 1434 2711 ac
1458 2674 1535 2710 Dv
1566 2668 1631 2711 eis
1655 2673 1694 2710 N
1815 2671 1839 2710 9
1871 2667 1986 2710 mali

300 2740 373 2770 om
412 2729 450 2769 A
587 2731 638 2769 11
675 2740 854 2782 semper
884 2729 1031 2770 morte
1056 2727 1132 2784 ΒΞ]
1164 2729 1310 2771 morte
1344 2741 1523 2783 semper
1547 2730 1586 2770 Δ
1621 2740 1801 2782 semper
1831 2740 1914 2770 om.
1945 2728 1991 2770 Γ

364 2790 415 2827 12
449 2786 625 2829 horosc.
659 2785 764 2829 hab.
799 2788 844 2829 Γ
960 2792 1015 2829 14
1046 2787 1258 2842 ydropici
1290 2789 1329 2829 A
1455 2791 1507 2829 16
1540 2786 1717 2829 horosc.
1748 2785 1855 2828 hab.
1886 2788 1932 2829 Γ

303 2847 358 2886 20
392 2857 439 2886 se
463 2844 585 2887 virus
610 2847 649 2887 A
684 2846 707 2901 .Ι
758 2844 949 2888 exardet
971 2849 1010 2887 N
1131 2851 1183 2888 21
1218 2846 1394 2889 horosc.
1423 2845 1529 2888 hab.
1560 2847 1606 2887 Γ
1721 2849 1775 2887 24
1807 2844 1983 2887 horosc.

302 2902 407 2945 hab.
438 2905 485 2946 Γ
630 2908 684 2947 25
718 2904 778 2946 ad
810 2904 965 2947 omnia
995 2903 1110 2946 vitia
1141 2919 1224 2948 om.
1255 2907 1301 2948 Γ
1447 2909 1500 2947 26
1533 2903 1708 2947 horosc.
1741 2903 1849 2946 hab.
1886 2905 1933 2947 Γ

303 2966 358 3003 27
392 2961 533 3005 Tauri
563 2976 644 3006 om.
679 2967 751 3005 Dv
871 2967 926 3006 28
960 2963 1064 3007 add.
1097 2968 1136 3005 N
1193 2966 1199 3019 Ι
1254 2962 1454 3019 pictores
1486 2967 1524 3004 N
