2084 3192
811 185 897 229 VH
927 190 999 240 23,
1024 197 1183 229 18—23.
1735 184 1843 237 265

152 307 317 360 fuerit
355 307 692 375 constitutuS,
731 306 789 358 in
817 304 884 359 Π.
916 324 1042 359 vero
1083 305 1149 358 ab
1181 306 1480 374 horoscopo
1519 304 1638 357 loco
1679 305 1731 356 id
1766 308 1846 357 est

154 382 209 433 in
250 381 466 433 anafora
506 379 768 433 Saturnus
808 382 861 433 et
900 379 1009 448 Sol,
1046 379 1361 432 biothanata
1400 382 1571 432 morte
1609 379 1739 431 facit
1770 380 1846 431 in-

154 455 327 508 terire.
407 453 510 507 Sed
549 457 602 506 et
649 454 955 523 frequenter
999 454 1058 506 in
1102 454 1222 523 ipso
1271 457 1392 507 ortu
1439 453 1571 506 secti
1616 454 1846 522 particu-

154 527 306 581 latim
353 528 417 580 de
463 529 649 580 matris
697 528 988 582 visceribus
1034 528 1395 598 proferentur,
1443 527 1755 596 praesertim
1801 527 1848 580 si

110 623 130 656 5
155 603 213 655 in
250 602 417 655 isdem
454 602 698 672 partibus
739 620 923 655 omnes
970 602 1171 654 fuerint
1208 602 1427 654 inventi.
1506 600 1563 654 Si
1602 601 1756 654 Luna
1794 602 1850 653 in
1866 601 1933 654 21

155 675 269 729 Mc.
309 676 394 728 vel
439 676 496 728 in
533 674 676 728 IMG.
729 676 893 729 fuerit
945 677 1183 744 inventa,
1233 675 1338 728 alia
1388 694 1512 728 vero
1563 675 1817 729 malivola
1834 686 2031 731 f01-97'11

157 753 312 805 stella
349 751 407 803 in
454 750 560 803 alio
609 751 819 803 cardine
866 749 936 803 sit
982 750 1297 819 constituta,
1347 753 1401 803 et
1447 750 1552 802 alia
1597 749 1850 802 malivola

157 827 313 878 stella
342 824 551 877 Lunam
584 824 842 878 diametra
871 824 1166 878 radiatione
1197 823 1462 894 respiciat,
1494 827 1586 877 aut
1619 825 1664 876 si
1694 824 1849 877 horo-

158 917 382 968 scopum
432 898 680 952 simih'ter
725 899 1038 967 †attendat,
1086 902 1180 951 aut
1226 899 1272 951 si
1310 898 1368 951 in
1413 897 1478 950 V.
1519 901 1612 950 aut
1655 899 1712 951 in
1757 896 1849 951 XI.

92 995 136 1028 ιο
159 973 227 1025 ab
266 973 565 1041 horoscopo
604 972 723 1026 loco
762 973 925 1026 fuerit
955 973 1185 1041 inventa,
1215 973 1562 1025 biothanatos
1595 973 1850 1025 efficiunt.

157 1045 271 1099 Aut
310 1047 452 1099 enim
493 1047 917 1116 praecipitantur
956 1047 1048 1115 qui
1090 1047 1166 1100 sic
1202 1048 1317 1099 nati
1354 1047 1569 1115 fuerint,
1608 1049 1701 1099 aut
1747 1047 1853 1116 ipsi

160 1121 265 1173 sibi
301 1121 531 1173 inferent
562 1125 806 1174 mortem.
885 1119 989 1174 Sed
1021 1124 1074 1174 et
1105 1122 1394 1175 secundum
1425 1123 1673 1174 naturam
1703 1121 1853 1189 <eius

162 1197 346 1248 stellae
387 1213 521 1264 quae
567 1195 624 1247 in
671 1196 938 1248 contrario
986 1199 1087 1264 est,
1138 1198 1192 1248 et
1237 1197 1527 1248 secundum
1572 1194 1855 1262 naturam>

162 1269 319 1339 signi,
358 1270 611 1322 mortium
658 1271 939 1339 conpletur
977 1269 1270 1323 diversitas.
1349 1268 1405 1322 Si
1438 1269 1591 1322 Luna
1619 1271 1674 1322 in
1708 1267 1943 1322 VIH.22

95 1364 135 1397 ιε
160 1343 227 1395 ab
267 1343 567 1412 horoscopo
607 1343 727 1396 loco
766 1344 932 1396 fuerit
969 1345 1209 1412 inventa,
1246 1343 1392 1396 Mars
1431 1362 1557 1397 vero
1598 1344 1653 1396 in
1694 1343 1852 1396 domo

163 1435 260 1470 sua
297 1418 523 1487 positus,
563 1418 619 1470 in
656 1417 957 1487 horoscopo
998 1418 1068 1471 sit
1105 1418 1375 1487 partiliter
1413 1418 1762 1486 constitutuS,
1803 1420 1856 1469 et

163 1510 284 1545 cum
322 1493 440 1560 ipso
474 1491 657 1544 Venus
698 1495 752 1544 et
781 1491 1079 1545 Mercurius
1119 1495 1171 1544 et
1203 1491 1297 1545 Sol
1337 1510 1520 1545 omnes
1553 1492 1736 1560 aequis
1770 1491 1858 1543 vel

162 1566 354 1618 vicinis
394 1566 636 1635 partibus
675 1566 867 1635 iuncti,
905 1566 1087 1619 Lunae
1119 1585 1243 1620 vero
1276 1566 1707 1619 coniunctionem
1738 1585 1856 1634 par-

164 1640 332 1692 tiliter
378 1643 471 1692 aut
516 1639 661 1692 Mars
710 1643 803 1693 aut
849 1639 1112 1693 Saturnus
1159 1641 1414 1710 excipiat,
1459 1641 1677 1693 lacerati
1722 1640 1858 1692 fera-

96 1735 138 1768 20
162 1733 280 1767 rum
313 1714 580 1767 morsibus
627 1715 937 1768 interibunt.
1016 1714 1074 1768 Si
1111 1715 1264 1767 Luna
1308 1715 1515 1768 minuta
1563 1714 1856 1767 luminibus

163 1788 219 1840 in
259 1787 406 1841 VIII.
456 1788 521 1840 ab
576 1789 878 1857 horoscopo
932 1790 1052 1841 loco
1107 1790 1269 1841 fuerit
1324 1789 1560 1857 inventa,
1604 1791 1694 1856 <et
1740 1807 1857 1840 eam

164 1861 425 1915 Saturnus
466 1862 705 1931 qualibet
743 1863 1038 1916 radiatione
1075 1863 1341 1932 respiciat,
1381 1866 1474 1915 aut
1512 1863 1557 1915 si
1589 1881 1709 1915 cum
1741 1863 1858 1932 ipsa

163 1937 329 1989 fuerit
359 1937 658 2006 inventus>
692 1937 1036 1990 biothanatos
1069 1937 1246 2006 faciet,
1285 1938 1378 1990 sed
1409 1939 1543 1990 tales
1576 1938 1668 2006 qui
1699 1936 1857 1989 undis

166 2010 427 2063 submersi
468 2011 721 2063 miserum
759 2011 1035 2064 incurrant
1071 2013 1259 2064 mortis
1300 2011 1538 2064 exitium.

99 2105 141 2138 25
279 2083 336 2137 Si
375 2083 527 2137 Luna
566 2084 622 2136 in
654 2103 845 2138 occasu
883 2085 1048 2138 fuerit
1079 2086 1309 2154 inventa,
1350 2085 1612 2138 Saturnus
1644 2102 1768 2137 vero
1802 2085 1856 2136 in
1876 2085 1948 2138 23

166 2157 258 2210 VI.
299 2158 366 2210 ab
406 2158 705 2228 horoscopo
743 2159 880 2227 locO,
918 2158 1004 2211 vel
1041 2159 1190 2211 locus
1230 2159 1498 2212 Fortunae
1545 2159 1600 2211 in
1641 2157 1858 2211 Saturni

168 2232 326 2285 domo
368 2232 439 2284 sit
477 2234 561 2284 vel
598 2232 795 2302 Lunae,
836 2233 1197 2301 dysentericos
1239 2234 1446 2286 faciunt
1491 2233 1721 2286 interire.
1801 2231 1858 2285 Si

167 2305 320 2359 Luna
358 2306 412 2357 in
451 2306 752 2375 horoscopo
792 2307 955 2360 fuerit
994 2307 1225 2376 inventa,
1267 2305 1527 2360 Saturnus
1566 2325 1691 2360 vero
1735 2324 1856 2360 cum

290 2457 312 2495 1
348 2451 448 2495 loco
481 2465 563 2495 om.
591 2454 676 2495 AB
798 2456 823 2494 2
857 2452 1046 2496 Saturni
1077 2457 1160 2495 AG
1209 2456 1214 2509 Ι
1264 2453 1407 2497 faciet
1437 2458 1518 2496 DG
1555 2453 1736 2496 faciunt
1765 2456 1798 2494 B

171 2515 196 2554 3
230 2511 311 2554 sed
345 2513 391 2554 et
424 2512 476 2569 G]
511 2511 591 2553 sed
616 2515 743 2553 ΒΒΝ
774 2514 822 2555 et
845 2516 882 2554 Δ
931 2515 936 2568 Ι
987 2513 1104 2556 secti
1135 2514 1182 2556 et
1205 2512 1297 2568 ipsi
1329 2515 1368 2556 Δ
1503 2516 1529 2554 4
1561 2512 1861 2568 proferuntur

171 2572 210 2613 Δ
350 2575 375 2613 5
407 2570 456 2612 in
489 2583 572 2613 om.
603 2572 649 2613 Γ
699 2573 705 2626 Ι
762 2570 910 2615 isdem
942 2571 1154 2628 partibus
1186 2573 1265 2630 κσ]
1298 2571 1447 2615 isdem
1478 2574 1635 2628 partes
1673 2573 1718 2614 Γ
1758 2584 1859 2614 eas-

172 2629 276 2672 dem
310 2632 468 2685 partes
502 2631 540 2671 A
577 2629 756 2684 (eadem
781 2632 916 2686 parte
948 2633 984 2683 ζ)
1108 2635 1131 2673 7
1166 2630 1356 2675 inventa
1386 2630 1459 2674 vel
1491 2630 1747 2674 constituta
1778 2633 1861 2671 AG

171 2688 360 2732 inventa
392 2692 425 2730 Β
547 2692 573 2731 8
606 2687 742 2732 stella
770 2690 835 2746 Γ]
877 2689 1014 2734 stella.
1044 2689 1094 2733 in
1124 2695 1160 2732 Ι)
1199 2690 1247 2733 in
1279 2695 1318 2732 N
1447 2694 1471 2732 9
1510 2684 1742 2746 attendat]
1784 2702 1861 2732 ac-

173 2748 311 2791 cedat
343 2747 493 2805 (<ad>
526 2747 642 2803 hor.)
674 2763 701 2790 a
747 2749 953 2805 attingat
983 2766 1010 2792 κ
1052 2750 1213 2793 teneat
1243 2751 1267 2801 ζ
1432 2753 1485 2791 12
1530 2748 1730 2791 inferent
1761 2749 1859 2805 AB]

171 2805 341 2850 inferet
373 2811 445 2848 Gv
486 2805 695 2849 inferunt
726 2809 765 2850 Δ
825 2810 830 2863 Ι
888 2810 935 2850 et
965 2822 1047 2852 om.
1075 2811 1114 2851 A
1174 2810 1180 2864 l
1238 2809 1344 2852 add.
1370 2812 1408 2849 N
1562 2812 1615 2850 14
1649 2806 1726 2850 IX.
1759 2809 1798 2849 Δ

175 2870 228 2909 17
263 2868 310 2908 et
343 2900 351 2909 .
380 2901 388 2908 .
418 2899 427 2908 .
461 2868 509 2908 et
539 2866 579 2922 ζ]
615 2866 696 2908 aut
730 2900 737 2908 .
766 2900 776 2909 .
803 2901 811 2909 .
847 2865 919 2909 vel
1042 2871 1095 2910 19
1129 2867 1365 2923 excipiant
1398 2871 1432 2908 G
1479 2866 1679 2922 excipiet
1708 2869 1741 2908 Β

175 2929 227 2967 21
255 2925 361 2968 add.
386 2929 425 2966 N
539 2928 592 2966 27
620 2925 935 2979 dysentericos
959 2928 1103 2970 variis
1126 2927 1270 2970 modis
1294 2926 1590 2982 depravatum
1615 2927 1663 2968 in
1688 2925 1817 2969 libris
1853 2926 1855 2928 ’

173 2983 316 3027 faciet
346 2986 385 3026 A
426 2983 542 3028 facit
571 2987 604 3025 B
