2100 3186
796 131 881 176 VH
911 137 953 186 4,
978 144 1116 176 8—15.
1698 132 1806 184 223

116 253 410 321 constituti,
449 252 586 306 servi
618 253 732 305 nati
769 253 1231 305 manumittentur.
1311 251 1414 305 Sed
1454 256 1508 305 et
1546 253 1591 304 si
1623 251 1716 305 Sol
1756 256 1810 305 et

114 327 268 380 Luna
305 327 572 397 partiliter
609 327 664 379 in
703 325 795 379 VI.
836 327 944 379 sint
983 326 1050 378 ab
1096 327 1399 396 horoscopo
1445 328 1565 380 1000
1612 327 1810 379 consti-

115 401 244 470 tuti,
283 404 486 454 ceterae
525 418 652 453 vero
693 400 877 453 stellae
916 400 973 452 in
1012 399 1127 453 MC.
1167 401 1369 452 fuerint
1414 400 1684 468 inventae,
1734 400 1810 453 fa-

118 475 267 527 ciunt
314 493 378 527 ex
426 475 681 528 servitute
728 475 794 527 ad
838 474 1145 527 libertatem
1193 475 1482 528 transferri.
1563 473 1621 527 Si
1658 474 1811 527 Luna
1831 475 1901 528 13

73 570 92 602 5
117 550 174 600 111
212 547 303 601 VI.
351 548 416 602 ab
463 549 763 618 horoscopo
810 549 928 601 1000
974 548 1137 601 fuerit
1182 549 1424 617 inventa,
1471 551 1524 601 et
1563 549 1706 601 Mars
1754 549 1812 602 in

117 622 480 691 superioribus
544 623 675 675 caeli
743 622 990 691 partibus
1052 623 1376 675 constitutus
1442 621 1538 694 [et]
1601 622 1808 676 Lunam

118 698 376 765 quadrata
411 696 708 750 radiatione
744 696 1022 764 respiciat,
1073 700 1127 750 et
1167 697 1369 749 domini
1409 715 1593 749 eorum
1634 698 1809 767 signo-

115 790 233 823 rum
275 772 329 823 in
369 771 563 839 quibus
604 769 696 823 Sol
736 773 788 822 et
827 770 979 823 Luna
1028 770 1228 824 fuerint
1273 772 1574 840 constituti,
1621 772 1675 823 in
1715 769 1808 824 III.

118 844 184 896 ab
224 845 525 912 horoscopo
564 846 685 897 1000
726 845 833 897 sint
871 844 1051 914 positi,
1091 844 1353 898 Saturnus
1393 863 1518 897 vero
1559 846 1614 897 in
1654 845 1810 899 horo-

51 940 93 972 10
118 936 280 988 scopo
322 920 393 972 sit
429 919 697 987 partiliter
735 921 1058 972 constitutus
1067 961 1082 988 ‚
1130 938 1308 972 servos
1346 938 1516 988 usque
1564 919 1630 970 ad
1670 919 1809 973 diem

53 1309 92 1342 15

51 1679 93 1712 80

52 2049 92 2081 25

116 993 364 1045 ultimum
396 993 538 1045 vitae
569 993 698 1046 facit
729 1011 1050 1061 permanere.
1115 992 1172 1046 Si
1195 993 1348 1046 Luna
1371 995 1427 1046 in
1450 992 1594 1046 IMO.
1619 994 1783 1047 fuerit
1797 1011 1865 1050 fol·
1879 1005 1980 1041 92'1

116 1067 353 1134 inventa,
402 1065 494 1119 Sol
534 1085 660 1119 vero
701 1085 821 1120 cum
863 1067 1032 1120 Marte
1079 1068 1136 1120 in
1175 1085 1365 1121 occasu
1414 1067 1577 1120 fuerit
1617 1069 1810 1120 consti·
1831 1069 1899 1121 14

117 1144 281 1209 tutus,
322 1140 582 1194 Saturnus
622 1159 747 1194 vero
789 1145 842 1194 et
879 1140 1122 1211 Iuppiter
1161 1142 1216 1194 in
1256 1141 1347 1194 VI.
1390 1142 1496 1194 sint
1543 1141 1609 1194 ab
1653 1141 1811 1196 horo-

117 1233 278 1284 scopo
318 1215 437 1267 1000
478 1216 780 1283 constituti,
829 1219 921 1267 aut
967 1217 1023 1268 in
1062 1214 1225 1284 VIII.,
1265 1234 1444 1269 servos
1492 1217 1689 1269 facient
1737 1218 1811 1268 la-

117 1289 360 1342 boriosos
407 1289 645 1342 infelices
654 1331 668 1357 ,
721 1292 773 1342 et
821 1290 913 1358 qui
962 1308 1169 1358 semper
1215 1291 1487 1343 servitutis
1529 1308 1687 1343 onere
1728 1291 1811 1343 de-

118 1364 430 1432 primantur.
509 1363 612 1416 Sed
662 1367 716 1416 et
769 1363 815 1416 si
868 1362 1110 1433 Iuppiter
1164 1382 1286 1418 cum
1342 1366 1453 1418 sole
1507 1364 1562 1416 in
1602 1363 1693 1417 VI.
1742 1365 1809 1417 ab

118 1438 417 1506 horoscopo
456 1438 576 1490 1000
616 1437 780 1490 fuerit
817 1438 1082 1507 inventus,
1121 1438 1274 1491 Luna
1311 1457 1437 1492 vero
1479 1457 1599 1492 cum
1639 1439 1810 1491 Marte

118 1513 175 1563 in
206 1529 398 1565 occasu
429 1511 592 1564 fuerit
624 1511 930 1575 constituta,
963 1515 1015 1564 et
1039 1512 1222 1565 Venus
1254 1513 1310 1565 in
1341 1512 1484 1565 IMC.
1518 1513 1589 1564 sit
1619 1514 1809 1581 posita,

121 1584 382 1638 Saturnus
421 1589 598 1639 autem
637 1584 731 1638 III.
771 1586 836 1638 ab
876 1587 1176 1656 horoscopo
1216 1587 1394 1640 locum
1434 1590 1632 1650 teneat,
1673 1588 1810 1640 servi

119 1659 280 1713 simili
319 1659 526 1712 ratione
564 1663 869 1712 nascuntur.
934 1659 991 1713 81
1025 1660 1286 1713 Saturnus
1318 1660 1374 1713 in
1405 1660 1523 1713 XII.
1557 1661 1622 1713 ab
1655 1662 1809 1714 horo·
1833 1661 1903 1714 15

118 1752 280 1802 scopo
317 1735 437 1787 loco
468 1734 630 1786 fuerit
668 1733 932 1803 inventust,
962 1734 1107 1788 Mars
1138 1754 1263 1788 vero
1304 1736 1360 1788 in
1400 1736 1618 1788 anafora
1657 1735 1811 1788 horo-

118 1809 265 1877 scopi
298 1808 367 1860 sit
399 1808 738 1876 constitutus,
772 1811 824 1862 et
848 1808 1001 1861 Luna
1030 1809 1297 1878 partiliter
1330 1810 1400 1862 sit
1425 1810 1480 1862 in
1510 1810 1810 1878 horoscopo

119 1883 425 1950 constituta,
456 1881 701 1951 Iuppiter
732 1901 857 1935 vero
891 1884 947 1935 in
979 1882 1123 1936 VIII.
1157 1884 1228 1935 sit
1257 1885 1376 1937 1000
1410 1884 1476 1936 ab
1509 1884 1810 1952 horoscopo

119 1957 463 2024 constitutUS‚
510 1960 563 2008 et
611 1955 705 2009 Sol
744 1957 801 2009 in
839 1955 932 2010 III.
972 1956 1090 2010 1000
1132 1958 1197 2010 ab
1244 1958 1547 2026 horoscopo
1587 1958 1810 2027 positu5‚

118 2031 257 2082 servi
297 2029 458 2082 simili
497 2031 703 2083 ratione
743 2034 1077 2101 generantur.
1149 2031 1206 2085 81
1238 2031 1381 2084 Mars
1421 2032 1478 2083 in
1518 2032 1810 2084 deiectione

119 2122 214 2156 sua
251 2105 413 2156 fuerit
456 2104 777 2156 constitutus
789 2146 802 2172 ‚
849 2105 904 2156 id
954 2109 1035 2157 est
1073 2106 1129 2157 in
1168 2123 1228 2157 eo
1271 2107 1424 2176 signo
1474 2105 1530 2158 in
1570 2123 1676 2174 quo
1715 2105 1812 2158 hu—

118 2178 378 2246 miliatur,
425 2181 478 2229 et
524 2177 676 2230 Luna
721 2179 927 2231 minuta
977 2178 1272 2231 luminibus
1319 2179 1385 2231 ad
1424 2198 1541 2231 eum
1595 2180 1813 2248 feratur,

120 2250 378 2304 Saturnus
417 2269 542 2304 vero
583 2251 639 2303 in
678 2250 772 2304 III.
813 2252 880 2304 ab
921 2252 1220 2321 horoscopo
1267 2253 1385 2306 loco
1434 2253 1504 2306 sit
1555 2254 1810 2306 constitu-

119 2330 222 2392 tus,
262 2328 314 2377 et
354 2324 446 2377 801
483 2325 540 2376 111
570 2324 714 2378 ΙΜΟ.
748 2326 818 2378 sit
849 2326 1073 2397 positUS,
1104 2327 1381 2380 benivolae
1405 2329 1601 2396 (vero)
1627 2327 1813 2381 stellae

238 2520 264 2558 4
297 2515 356 2558 ad
381 2529 465 2559 om.
490 2520 523 2558 B
550 2516 599 2559 in
624 2519 661 2557 A
782 2521 807 2559 6
840 2517 922 2561 del.
949 2533 977 2559 a
1100 2521 1123 2560 7
1157 2517 1372 2561 dominus
1397 2532 1509 2562 corr.
1536 2521 1561 2570 ζ
1680 2523 1705 2562 8
1739 2517 1812 2560 fu-

120 2574 241 2618 erint
273 2588 355 2618 om.
382 2577 421 2617 Δ
545 2580 570 2618 9
605 2575 697 2618 sint
727 2574 829 2619 loco
862 2590 888 2619 σ
937 2579 942 2632 1
991 2576 1237 2632 horoscopi
1270 2577 1332 2620 sit
1363 2578 1496 2633 parte
1530 2579 1674 2620 const.
1709 2579 1748 2619 Δ

123 2637 175 2676 14
209 2635 290 2676 aut
321 2634 382 2692 A]
423 2648 527 2677 vero
564 2636 611 2677 Γ
630 2641 735 2690 post
764 2636 978 2680 lacunam
1034 2637 1040 2691 Ι
1098 2635 1274 2679 facient
1310 2636 1373 2694 Γ]
1413 2635 1618 2680 efficient
1650 2638 1688 2678 Δ

123 2696 174 2734 17
208 2691 257 2734 111
290 2706 456 2736 occasu
489 2707 594 2736 cum
618 2693 767 2737 Marte
793 2697 832 2736 A
958 2699 1011 2738 19
1047 2697 1203 2738 autem
1232 2696 1294 2751 Γ]
1331 2709 1439 2738 vero
1487 2697 1492 2751 Ι
1542 2694 1617 2738 IV.
1644 2699 1682 2736 N
1709 2697 1808 2751 (om.

118 2751 193 2807 11¹)
252 2755 256 2807 Ι
315 2751 470 2795 servili
512 2751 702 2796 natione
745 2767 857 2797 corr.
892 2767 918 2796 σ
1068 2758 1122 2796 22
1167 2754 1229 2797 sit
1266 2754 1315 2796 in
1357 2754 1455 2797 hor.
1495 2755 1615 2809 part.
1649 2756 1688 2796 A

121 2815 176 2853 23
209 2810 270 2854 sit
300 2811 348 2853 in
381 2810 499 2854 VIII.
533 2811 667 2867 (VIII.
700 2811 773 2855 vel
804 2812 879 2855 IX.
911 2814 966 2867 NJ
1001 2813 1060 2856 ab
1092 2812 1188 2857 hor.
1222 2812 1323 2856 loco
1357 2816 1396 2856 A
1529 2818 1585 2856 24
1618 2812 1677 2856 ab
1709 2812 1810 2856 hor.

119 2868 219 2912 1000
252 2872 339 2913 AG
460 2875 514 2913 29
549 2870 626 2914 Sol
657 2871 698 2928 ζ]
737 2871 861 2914 Mars
892 2871 965 2915 vel
998 2871 1075 2915 Sol
1106 2876 1146 2914 N
1185 2871 1309 2915 Mars
1339 2878 1415 2916 cet.
1474 2875 1480 2928 Ι
1539 2870 1634 2914 MC.
1668 2871 1763 2914 A'B
1801 2872 1807 2930 1

121 2927 226 2971 add.
260 2931 284 2980 ζ
339 2932 343 2984 Ι
402 2929 520 2987 (et)
552 2929 700 2973 beniV.
735 2946 761 2972 κ
