2038 3162
823 94 1180 142 PRAEFATIO.
1771 97 1858 142 VII

161 235 320 301 sinit),
350 253 498 300 quem
530 236 651 285 olim
679 236 970 286 monasterii
1003 236 1050 285 S.
1075 236 1335 286 Benedicti
1364 237 1673 287 Fossatensis
1704 237 1855 288 fuisse

162 312 281 362 Sittl
309 327 410 361 non
439 311 570 360 male
599 312 823 360 coniecit.

231 391 280 436 8.
312 389 623 436 Vaticanus
652 389 878 445 reginae
913 387 1079 448 12443
1112 385 1172 434 cf.
1203 386 1301 435 vol.
1326 385 1351 432 Ι
1381 402 1429 449 p.
1454 385 1516 435 V.
1571 384 1772 435 Codices
1804 390 1854 436 B.
1884 399 1922 437 Β

157 462 208 510 et
243 464 288 509 P
326 460 482 509 artius
520 460 653 509 inter
690 475 742 509 se
782 460 1042 508 cohaerere
1083 475 1232 523 quam
1273 476 1384 508 cum
1414 464 1474 508 M
1511 475 1568 508 ex
1607 463 1853 523 apparatu

154 536 324 584 nostro
357 534 502 583 facile
534 535 861 598 cognoscitur.

227 646 432 695 Praeter
460 646 582 695 haec
611 647 712 694 tria
744 647 925 694 eximia
956 647 1247 710 apographa
1278 646 1429 695 etiam
1460 646 1628 708 plures
1658 648 1854 695 exstant

153 721 342 770 codices
359 722 562 782 vetusti,
580 735 703 782 quos
727 737 787 768 ex
810 720 982 768 eodem
1006 723 1156 783 atque
1174 724 1345 769 MPR
1361 721 1631 783 archetypo
1655 721 1853 770 fluxisse

155 797 205 845 et
234 795 440 856 1110111113,
474 809 597 857 quas
629 810 738 843 cum
770 794 848 842 his
880 810 1160 843 communes
1191 794 1391 855 habent,
1428 804 1478 844 et
1509 811 1566 844 eo
1597 794 1852 858 probatur,

156 870 286 932 quod
326 869 499 918 eodem
538 870 647 918 loco
680 862 899 936 (269‚1s)
932 868 1177 917 desinunt.
1236 868 1333 917 Sed
1369 868 1444 930 hi,
1489 871 1755 932 postquam
1795 886 1852 917 ex

152 943 240 993 illo
270 943 400 992 libro
425 943 662 1007 descripti
687 945 818 1005 sunt,
851 945 1140 993 correctoris
1162 959 1365 992 manum
1390 945 1580 1006 experti
1603 946 1734 1005 sunt,
1767 944 1852 1006 qui

153 1021 204 1067 et
235 1019 360 1067 alios
393 1018 586 1068 codices
618 1017 830 1066 contulit
859 1033 1126 1080 eorumque
1164 1018 1402 1067 lectiones
1434 1018 1699 1081 adscripsit
1730 1011 1851 1085 (quo

151 1093 338 1142 factum
380 1094 478 1153 est,
522 1094 579 1140 ut
615 1092 767 1141 huius
806 1092 1000 1156 generis
1040 1092 1230 1140 codices
1261 1093 1449 1141 vetusti
1485 1093 1565 1140 1110
1603 1092 1708 1141 11110
1739 1108 1850 1141 011111

149 1166 504 1216 recentioribus
544 1182 602 1215 ex
644 1167 915 1229 archetypo
956 1162 1173 1216 ‘Italico'
1213 1167 1385 1230 petitis
1425 1161 1760 1234 consentiant)
1802 1170 1852 1216 et

131 1257 238 1290 suo
276 1241 478 1305 ingenio
516 1256 634 1290 usus
673 1241 807 1290 haud
845 1256 1007 1303 pauca
1044 1243 1269 1290 correxit.
1332 1241 1474 1290 Hanc
1516 1244 1849 1291 recensionem

149 1316 251 1365 iam
290 1315 488 1365 saeculo
528 1315 614 1366 XI.
647 1308 793 1382 (non,
831 1317 890 1364 ut
929 1315 1047 1363 Sittl
1078 1332 1125 1378 p.
1150 1316 1222 1363 XI
1254 1319 1438 1378 censet,
1480 1317 1674 1364 saeculo
1712 1316 1847 1364 XIII.

149 1384 375 1456 ineunte)
406 1391 655 1439 exstitisse
688 1406 746 1438 ex
779 1405 836 1438 eo
867 1390 1193 1454 intellegitur,
1227 1390 1360 1452 quod
1391 1391 1444 1438 in
1468 1390 1721 1440 codicibus
1745 1391 1846 1439 Mo-

148 1466 350 1514 nacensi
381 1465 442 1531 (s.
467 1459 576 1530 XI.)
616 1463 847 1513 Leidensi
879 1457 940 1530 (s.
965 1458 1263 1530 XILJXIH.)
1304 1465 1416 1513 aliis
1456 1465 1655 1513 eaedem
1694 1466 1845 1512 inter-

147 1539 427 1602 polationes
450 1539 789 1587 inveniuntur.
838 1537 910 1586 Cf.
934 1538 1092 1600 Kroll,
1119 1539 1250 1588 Berl.
1267 1539 1389 1601 phil.
1406 1539 1659 1588 Wchschr.
1688 1540 1846 1596 1898,

149 1615 255 1662 413
276 1629 347 1676 311.
396 1613 531 1662 Talis
556 1613 691 1661 modi
713 1613 1032 1661 librariorum
1053 1613 1258 1662 licentia
1283 1613 1458 1662 deinde
1483 1616 1533 1662 et
1559 1613 1612 1661 in
1636 1613 1844 1678 singulis

147 1687 288 1736 libris
319 1688 433 1750 plus
465 1687 689 1736 minusve
721 1690 948 1752 grassata
979 1689 1066 1736 est.
1121 1687 1285 1736 Huius
1314 1687 1507 1751 generis
1531 1688 1757 1737 codicum
1782 1688 1846 1736 ad

151 1764 480 1811 recensionem
513 1778 543 1810 a
574 1761 715 1810 nobis
747 1762 960 1810 adhibiti
991 1763 1107 1810 sunt
1135 1762 1211 1809 hi:

222 1840 274 1886 4.
297 1839 610 1886 Vaticanus
626 1836 886 1898 lat.3425‚
903 1836 1069 1885 cfivol.
1085 1835 1111 1883 I
1126 1835 1244 1898 p.V.
1279 1834 1518 1900 Singulae
1538 1836 1752 1901 paginae
1772 1838 1841 1886 50
1873 1842 1911 1881 v

147 1910 332 1959 habent
363 1926 536 1959 versus
574 1910 756 1959 litteris
789 1910 1055 1959 admodum
1094 1910 1302 1958 minutis
1333 1911 1557 1973 scriptos.
1614 1910 1842 1959 Codicem

148 1985 394 2034 clarorum
418 1985 659 2034 Italorum
683 1986 738 2032 in
760 1985 992 2033 manibus
1015 1985 1168 2033 fuisse
1192 1985 1336 2034 docet
1357 1984 1616 2047 inscriptio
1638 1985 1693 2033 in
1715 1986 1748 2034 f.
1771 1988 1843 2034 1¹:

146 2062 271 2108 tocco
295 2059 379 2108 dal
393 2059 692 2107 Panormita.
718 2059 824 2108 Jul.
852 2060 960 2108 Urs.
995 2059 1152 2122 Saepe
1176 2075 1290 2107 eum
1314 2074 1425 2107 cum
1440 2059 1774 2122 Neapolitano
1790 2064 1844 2108 N

148 2134 430 2196 conspirare
460 2133 592 2182 infra
624 2133 897 2197 apparebit.

222 2211 271 2256 5.
302 2211 594 2256 Parisinus
619 2209 812 2269 17867,
838 2207 1108 2256 cf.Bonnet
1130 2208 1162 2256 1.
1181 2222 1219 2255 c.
1237 2224 1284 2270 p.
1305 2207 1408 2255 188
1429 2222 1534 2269 sqq.
1559 2209 1655 2256 vol.
1674 2207 1700 2255 I
1722 2208 1839 2271 p.V.
1874 2213 1908 2257 Q.

148 2281 265 2330 Fuit
288 2284 437 2330 antea
462 2278 510 2330 ‘a
533 2282 583 2329 la
607 2282 955 2344 Bibliotheque
980 2282 1038 2330 de
1061 2281 1286 2346 LEglise
1311 2282 1368 2329 de
1387 2277 1564 2331 Paris'.
1606 2281 1840 2346 Singulae

147 2357 359 2420 paginae
389 2357 680 2419 plerumque
711 2355 896 2405 habent
929 2357 998 2406 50
1030 2372 1215 2405 versus,
1271 2356 1513 2418 Persaepe
1547 2357 1713 2404 variae
1745 2357 1839 2405 lec-

146 2430 308 2478 tiones
338 2431 391 2478 in
414 2432 606 2478 textum
629 2432 948 2492 irrepserunt.
1002 2430 1122 2479 Inde
1148 2447 1178 2479 a
1207 2430 1334 2479 libro
1359 2430 1437 2478 III
1469 2430 1619 2478 codex
1647 2446 1840 2479 summa

147 2505 462 2568 neglegentia
493 2506 707 2567 scriptus
738 2506 826 2554 est.

221 2614 478 2664 Accedunt
507 2614 559 2662 hi
590 2614 795 2677 00111003,
828 2631 1036 2677 quorum
1067 2615 1284 2665 indolem
1311 2617 1433 2665 satis
1457 2616 1838 2679 exploravimus,

148 2690 205 2736 ut
233 2688 452 2737 iudicare
483 2704 737 2751 possemus
768 2689 961 2737 nullum
986 2706 1044 2738 ex
1073 2691 1137 2738 iis
1159 2690 1378 2739 fructum
1404 2690 1466 2739 ad
1489 2689 1837 2739 recensendum

148 2763 438 2825 scriptorem
468 2764 575 2824 peti
603 2778 768 2824 posse:

223 2842 274 2886 6.
304 2841 779 2885 Darmstadiensis
806 2838 909 2885 756
929 2838 1130 2885 membr.
1149 2853 1237 2887 cm.
1260 2839 1344 2900 27,
1363 2839 1495 2886 3:19
1523 2838 1708 2886 saeculi
1725 2838 1834 2885 XII.

149 2907 203 2956 in
232 2909 336 2961 foll.
365 2911 467 2959 126
487 2925 592 2973 sqq.
623 2910 776 2959 libros
800 2910 987 2973 I—IV,
1020 2911 1104 2960 sed
1130 2913 1234 2960 269
1255 2928 1297 2961 18
1322 2912 1615 2972 desinentes,
1640 2911 1835 2960 exhibet
