2066 3192
85 590 105 623 5

837 149 902 194 VI
937 154 978 205 3,
1002 161 1127 195 9—13
1754 149 1822 202 75

135 275 351 342 ornant,
388 275 442 325 et
478 271 683 324 faciunt
723 289 814 325 eos
853 270 919 324 ab
961 271 1107 322 omni
1147 269 1495 339 inpudicitiae
1533 269 1823 339 inpuritate

132 347 450 416 (sepositos,
500 345 592 398 sed
643 349 696 398 et
744 348 929 417 gratos
979 343 1238 414 pudicitia
1287 347 1341 395 et
1389 343 1660 412 puritate>
1708 363 1823 413 per-

134 422 372 490 spicuOS‚
417 423 478 472 ut
517 438 581 472 ex
621 419 726 472 ista
761 419 1143 490 perspicuitate
1180 417 1384 471 invidia
1422 417 1529 471 illis
1568 419 1653 485 †a
1692 418 1823 471 satis

133 495 199 547 ab
246 494 588 548 inferioribus
635 495 942 546 concitetur.
1022 491 1126 546 Sed
1166 492 1267 545 hos
1307 493 1519 545 eosdem
1557 492 1708 545 tarde
1747 493 1824 545 fa-

131 569 280 622 ciunt
315 567 645 637 nuptialibus
686 567 966 621 affectibus
1006 567 1259 636 copulari.

243 655 579 727 [Saturnus
620 660 679 708 et
719 656 1075 710 Mercurius
1114 655 1399 726 trigoni]
1464 654 1521 708 Si
1562 654 1823 709 Saturnus
1845 656 1911 708 12

129 750 249 785 cum
300 730 564 784 Mercurio
614 731 779 784 fuerit
828 731 1093 802 trigonica
1142 729 1437 782 radiatione
1491 730 1823 799 coniunctuS‚

130 810 183 859 et
222 806 329 859 sint
368 806 526 858 ambo
567 805 623 857 in
663 805 942 874 oportunis
981 805 1258 875 geniturae
1288 806 1422 857 locis
1454 805 1633 874 positi,
1673 808 1725 857 et
1756 804 1822 856 ab

130 879 378 934 omnibus
439 879 795 933 deiectionum
856 878 1249 932 humilitatibus
1312 879 1565 948 separati,
1627 879 1826 932 facient

65 976 107 1008 10
131 954 376 1008 cordatos
423 954 732 1025 ingeniosos
781 957 835 1006 et
881 954 948 1006 ad
988 954 1165 1006 omnia
1206 953 1607 1023 disciplinarum
1649 954 1825 1007 officia

63 1347 104 1380 15

64 1733 106 1764 20

129 1047 336 1098 semper
390 1029 702 1098 applicatos,
756 1029 849 1081 sed
905 1046 1078 1082 mores
1134 1045 1319 1081 eorum
1374 1031 1581 1081 mature
1627 1027 1825 1082 facient

129 1103 363 1172 pondere
417 1103 698 1172 gravitatis
755 1104 956 1173 ornari,
1019 1106 1070 1156 et
1123 1103 1258 1155 tales
1312 1102 1541 1154 reddunt
1597 1120 1823 1171 quorum

130 1177 354 1231 consilia
391 1177 669 1230 vivacibus
710 1196 919 1247 semper
957 1176 1256 1230 rationibus
1297 1178 1691 1246 convalescant,
1734 1177 1824 1230 sed

129 1256 278 1304 actus
318 1255 411 1304 aut
451 1270 514 1304 ex
553 1251 851 1304 rationibus
890 1251 1106 1318 dabunt,
1146 1254 1238 1303 aut
1271 1254 1408 1304 certe
1439 1250 1672 1320 publicis
1704 1269 1825 1304 con-

129 1326 501 1395 putationibus
540 1326 919 1395 fiscalibusque
958 1328 1310 1395 praeponunt,
1350 1329 1443 1378 aut
1482 1326 1658 1396 regios
1699 1326 1824 1379 scri-

129 1401 223 1453 bas
256 1400 505 1469 efficient‚
540 1404 602 1453 ut
632 1419 697 1452 ex
727 1400 845 1452 istis
878 1399 1085 1453 actibus
1118 1418 1311 1470 magna
1342 1400 1450 1452 illis
1483 1400 1825 1452 conferantur

130 1474 366 1528 subsidia
404 1474 689 1528 facultatis,
762 1474 865 1528 Sed
905 1474 1038 1528 illud
1077 1473 1380 1527 meminisse
1419 1492 1517 1526 nos
1559 1475 1823 1543 convenit,

130 1549 274 1618 quod
321 1548 435 1601 sola
480 1549 732 1602 Mercurii
779 1551 936 1603 stella
980 1549 1038 1601 in
1076 1547 1194 1601 XII.
1243 1549 1310 1601 ab
1357 1548 1657 1618 horoscopo
1703 1549 1823 1601 loco

129 1623 326 1694 gaudet
366 1624 670 1677 constituta.

244 1711 580 1781 [Saturnus
622 1716 681 1764 et
722 1712 895 1765 Luna
932 1712 1216 1783 trigoni]
1260 1711 1316 1765 Si
1351 1711 1611 1766 Saturnus
1643 1711 1825 1765 Lunae
1847 1713 1913 1764 13

129 1787 290 1839 fuerit
328 1787 591 1858 trigonica
630 1786 925 1840 radiatione
966 1787 1298 1855 coniunctuS‚
1337 1790 1390 1839 et
1430 1788 1538 1839 sint
1576 1787 1733 1839 ambo
1771 1787 1825 1838 in

130 1861 410 1930 oportunis
450 1861 725 1932 geniturae
763 1860 896 1914 locis
934 1861 1120 1930 positi,
1170 1864 1222 1914 et
1262 1861 1328 1912 ab
1371 1860 1618 1914 omnibus
1659 1860 1824 1914 deiec-

130 1935 338 1988 tionum
385 1935 783 1988 humilitatibus
838 1935 1092 2004 separati,
1154 1938 1207 1987 et
1261 1936 1402 2005 <sit>
1455 1935 1608 1989 Luna
1668 1935 1826 2004 plena

129 2009 446 2076 luminibUS‚
487 2028 577 2062 eos
618 2010 710 2078 qui
749 2009 828 2064 sic
865 2009 1174 2078 habuerint,
1214 2009 1431 2080 regibus
1471 2013 1564 2062 aut
1602 2010 1826 2079 impera-

132 2170 401 2243 βλεπτικοὺς
446 2178 574 2214 ποιεῖ
617 2170 697 2214 καὶ
745 2173 806 2226 (3)
856 2170 904 2214 ἐκ
942 2168 1171 2244 ,χειρόνων
1211 2168 1568 2229 βλαπτομένους,
1609 2169 1728 2226 πλὴν
1768 2171 1823 2214 οὐ

130 2228 438 2302 ταχυγάμους.
586 2234 610 2274 9
644 2234 749 2284 166,
775 2233 835 2274 30
867 2246 1102 2286 νοημονας
1132 2230 1316 2286 ποιήσει
1348 2230 1429 2273 καὶ
1462 2230 1694 2282 συνετούς,
1728 2244 1825 2273 στε-

133 2289 266 2343 ρεοὺς
296 2286 377 2332 τὸν
408 2290 625 2346 λογισμὸν
657 2290 737 2333 καὶ
739 2287 1013 2363 πλαγίους·
1047 2291 1138 2345 (14)
1159 2288 1235 2364 ’ταὶ
1251 2289 1301 2333 δὲ
1334 2289 1525 2344 πράξεις
1549 2288 1598 2332 ἐκ
1623 2287 1812 2345 λόγων
1797 2287 1824 2344 ἡ

132 2347 413 2404 γραμμάτων
453 2347 480 2404 ἢ
521 2348 698 2404 ψήφων
736 2346 764 2404 ἢ
806 2346 1044 2404 ἐμπορίας,
1074 2346 1170 2420 ἀφ’
1210 2345 1273 2392 ὧν
1314 2347 1548 2405 αὐτάρκης
1590 2347 1714 2392 ἔσται
1746 2349 1825 2391 καὶ

132 2406 293 2457 ἱκανὸς
327 2406 350 2451 ὁ
385 2404 496 2465 βίος.
633 2413 688 2451 24
724 2411 909 2462 167,18
941 2404 1200 2464 γνωρίμους
1233 2406 1454 2467 βασιλέων
1487 2415 1614 2452 ποιεῖ
1643 2407 1722 2451 καὶ
1754 2407 1825 2450 ἐν-

254 2546 275 2583 1
318 2539 626 2596 inpudicitiae
658 2543 682 2594 ζ
737 2540 996 2597 pudicitiae
1029 2543 1068 2584 Δ
1117 2540 1384 2597 impudicae
1422 2543 1468 2585 Γ
1503 2543 1570 2597 <at
1600 2541 1824 2597 inpudica

133 2601 186 2655 A)
229 2601 235 2655 Ι
277 2598 535 2656 inpuritate
567 2601 671 2642 An*
729 2599 1015 2657 impuritatis
1056 2599 1309 2657 (—tatisque
1341 2604 1395 2656 N)
1542 2605 1566 2642 2
1608 2601 1713 2644 add.
1740 2604 1779 2642 N
1813 2600 1818 2657 Ι

133 2658 365 2715 supositos
397 2663 435 2701 N
481 2673 593 2703 corr.
627 2662 652 2711 ζ
694 2662 832 2715 grata
865 2673 940 2703 eos
972 2664 1011 2702 N
1042 2673 1154 2704 corr.
1190 2673 1214 2702 6
1247 2661 1342 2704 nisi
1374 2662 1516 2704 mavis
1548 2662 1710 2716 gratae
1741 2674 1825 2715 pu-

134 2717 324 2761 dicitiae
348 2732 448 2774 pur.
528 2722 553 2760 3
586 2718 792 2763 invidiae
819 2753 827 2761 .
848 2755 855 2762 .
883 2718 996 2762 satis
1022 2733 1048 2762 σ
1074 2721 1080 2774 i
1108 2718 1234 2762 illisa
1257 2719 1326 2777 Γ]
1352 2719 1447 2762 illis
1472 2723 1510 2760 N
1527 2718 1621 2762 illis
1647 2718 1771 2761 illisa
1789 2725 1823 2760 D

134 2778 280 2821 Laur.
311 2779 316 2833 Ι
345 2791 373 2820 a
406 2777 540 2835 satis]
573 2777 769 2820 adfatim
796 2780 819 2830 ζ
851 2779 943 2822 nisi
971 2779 1209 2822 delendum
1286 2783 1311 2821 5
1346 2778 1592 2822 affectibus
1624 2792 1707 2822 om.
1726 2779 1772 2821 Γ

136 2841 187 2879 11
223 2849 403 2892 semper
434 2850 517 2880 om.
550 2840 587 2879 Δ
630 2838 635 2892 Ι
679 2836 928 2892 applicitos
960 2840 984 2889 ζ
1105 2842 1157 2879 13
1191 2836 1462 2881 efficacibus
1493 2854 1519 2880 κ
1557 2836 1771 2880 felicibus
1803 2840 1828 2888 ζ

134 2895 190 2948 cf.
227 2899 300 2949 76,
317 2899 374 2939 21
499 2901 553 2939 16
586 2895 758 2939 efficiet
789 2910 900 2940 corr.
927 2911 954 2938 a.
993 2899 998 2952 Ι
1041 2898 1094 2938 ut
1126 2896 1224 2953 AB]
1259 2898 1341 2939 aut
1481 2901 1533 2939 19
1567 2895 1825 2939 constituta

133 2954 310 3013 gaudet
337 2955 383 3001 Γ
455 2959 509 2999 23
543 2954 649 2999 add.
676 2971 703 2997 a
726 2961 833 3014 post
862 2955 993 2999 Luna
1024 2957 1144 3014 quod
1174 2970 1286 3000 corr.
1312 2959 1337 3010 ζ
1408 2959 1462 2997 24
1496 2955 1576 3013 qui
1610 2956 1675 2998 sic
1702 2967 1777 2998 eos
1802 2958 1826 3007 ζ
