2090 3198
281 156 390 208 342
958 178 960 180 >
1012 155 1242 202 FIRMICI

279 278 487 345 perium
536 277 791 345 credetur,
839 277 1128 346 confligent
1174 277 1344 328 multa
1397 277 1554 346 bella,
1604 277 1970 349 subiugabunt

277 350 549 420 barbaros,
582 350 822 403 civitates
854 351 984 403 alias
1017 351 1406 416 restaurabunt,
1447 351 1578 403 alias
1618 351 1966 421 dissipabunt.

277 424 567 476 Habebunt
603 442 796 478 uxores
836 428 889 476 et
926 425 1085 493 filios,
1126 425 1218 477 sed
1255 443 1449 478 uxores
1490 443 1674 477 eorum
1706 426 1761 477 in
1793 445 1967 479 neces-

277 499 430 550 sariis
470 498 603 552 locis
643 499 776 551 vitia
814 499 1090 551 habebunt
1127 499 1212 551 vel
1252 499 1539 551 cicatrices.
1619 497 1723 552 Sed
1761 501 1819 552 hi
1857 519 1967 553 mo-

274 573 480 624 rientur
518 573 574 624 in
612 590 796 642 pugna
833 573 891 624 in
928 573 1225 643 peregrinis
1263 573 1412 626 locis
1478 570 1543 625 In
1580 576 1730 641 parte
1769 573 1965 627 XXIII.
2013 597 2032 628 5

276 644 548 716 Sagittarii
593 647 915 715 quicumque
954 647 1240 699 habuerint
1277 646 1652 716 horoscopum,
1698 648 1756 699 in
1795 647 1967 700 deser-

204 721 254 772 ‚8
275 720 343 772 tis
377 723 430 771 et
462 719 655 773 abditis
688 721 820 773 locis
846 721 1143 773 morientur
1173 739 1203 772 a
1234 720 1434 774 bestiis,
1490 718 1554 773 In
1585 724 1738 789 parte
1770 721 1965 774 XXIV.

273 792 550 864 Sagittarii
590 795 912 863 quicumque
952 795 1200 847 habuerit
1239 795 1617 863 horoscopum,
1658 797 1759 847 erit
1803 814 1962 864 equo-

269 887 387 920 rum
429 868 659 921 domitor
698 869 783 920 vel
816 868 1015 939 auriga.
1080 868 1136 920 Si
1169 887 1295 922 vero
1328 868 1572 937 Iuppiter
1604 869 1660 920 in
1694 869 1812 938 ipso
1845 870 1963 924 loco

268 941 445 1010 fuerit,
492 946 585 994 aut
631 943 797 995 mulio
846 943 950 995 erit
996 946 1088 994 aut
1133 944 1320 1013 auriga
1369 943 1565 1013 regius,
1614 943 1706 995 sed
1754 944 1845 1012 qui
1894 945 1962 996 ob
1988 967 2030 998 10

269 1017 371 1068 hoc
410 1017 642 1068 maxima
682 1016 884 1086 gloriae
925 1020 1285 1085 consequatur
1330 1017 1576 1086 insignia.
1649 1015 1751 1069 Sed
1791 1017 1963 1071 Marte

268 1093 558 1143 attestante
596 1090 942 1143 biothanatus
983 1090 1234 1144 interibit.
1300 1089 1364 1142 In
1402 1094 1554 1159 parte
1585 1091 1752 1143 XXV.
1789 1090 1963 1162 Sagit-

268 1164 390 1215 tarii
447 1164 769 1233 quicumque
823 1165 1072 1218 habuerit
1124 1166 1508 1234 horoscopum,
1564 1166 1666 1218 erit
1720 1165 1961 1218 ebriosus

267 1238 606 1306 temulentUS,
662 1240 977 1308 praesertim
1033 1240 1077 1291 si
1132 1238 1276 1291 Mars
1331 1239 1388 1290 in
1434 1239 1552 1308 ipsa
1598 1242 1750 1306 parte
1797 1240 1962 1292 fuerit

266 1312 528 1365 inventus.
592 1311 649 1365 Si
681 1331 807 1366 vero
840 1312 1024 1365 Venus
1063 1313 1431 1366 testimonium
1469 1313 1819 1382 perhibuerit,
1860 1315 1961 1366 erit
1986 1334 2026 1367 15

267 1386 516 1439 cinaedus
563 1387 655 1439 sed
709 1388 800 1454 qui
847 1387 1062 1455 publica
1110 1388 1392 1439 damnetur
1429 1387 1672 1457 infamia3
1711 1389 1959 1441 mulieres

215 1460 247 1511 9
267 1478 391 1512 vero
432 1462 563 1514 fient
602 1462 917 1513 meretrices.
996 1460 1059 1512 111
1098 1465 1250 1530 parte
1289 1460 1483 1513 XXVI.
1526 1460 1806 1532 Sagittarii
1847 1464 1960 1530 qui-

267 1552 493 1603 cumque
541 1535 827 1588 habuerint
873 1534 1247 1603 horoscopum,
1295 1538 1449 1587 erunt
1487 1535 1741 1588 vitiorum
1783 1540 1958 1588 conta-

264 1610 425 1678 gione
456 1611 669 1677 polluti,
699 1610 950 1661 mulieres
985 1627 1108 1662 vero
1142 1609 1409 1679 viragines
1442 1609 1761 1678 meretriceS,
1802 1613 1855 1662 et
1891 1610 1956 1662 ad

266 1700 422 1734 omne
474 1683 715 1735 libidinis
771 1683 977 1735 facinus
1033 1683 1345 1752 applicatae.
1421 1682 1483 1735 In
1538 1682 1761 1736 XXVII.
1805 1688 1956 1752 parte
1980 1706 2023 1737 20

265 1755 546 1827 Sagittarii
587 1758 908 1825 quicumque
948 1757 1235 1809 habuerint
1279 1758 1656 1825 horoscopum,
1694 1758 1751 1810 in
1784 1758 1957 1810 deser-

263 1830 333 1883 tis
358 1831 491 1883 locis
515 1831 893 1899 (morientur).
955 1830 1013 1883 Si
1045 1849 1171 1883 vero
1197 1831 1342 1883 Mars
1374 1832 1432 1883 in
1463 1832 1579 1899 ipsa
1610 1834 1763 1900 parte
1794 1832 1957 1884 fuerit

263 1905 533 1973 inventuS,
583 1908 739 1958 erunt
786 1905 1141 1974 oligochronii
1189 1905 1449 1973 infeliceS,
1495 1905 1756 1974 †quidem
1797 1905 1956 1977 plaga

179 1978 247 2029 10
266 1979 571 2031 morientur.
648 1977 711 2030 111
772 1977 1022 2031 XXVIII.
1078 1983 1230 2048 parte
1293 1978 1569 2050 Sagittarii
1632 1979 1954 2048 quicumque

75 2052 555 2106 fol-112'11habuerit
585 2054 960 2122 horoscopum,
1001 2054 1100 2105 erit
1140 2053 1402 2105 asinarius
1442 2052 1626 2121 mulio,
1666 2057 1719 2105 et
1751 2054 1844 2122 qui
1875 2071 1952 2105 as·
1978 2075 2019 2108 25

263 2127 429 2178 siduis
468 2127 742 2179 laboribus
784 2127 1082 2195 inplicetur.
1145 2125 1209 2178 In
1248 2126 1442 2179 XXIX.
1481 2130 1631 2196 parte
1674 2126 1951 2198 Sagittarii

263 2202 584 2270 quicumque
615 2201 865 2252 habuerit
895 2201 1271 2269 horoscopum,
1301 2203 1403 2253 erit
1433 2219 1604 2253 nanus
1636 2200 1952 2271 gibberosus

262 2275 519 2342 captivus,
595 2274 658 2326 111
697 2274 864 2327 XXX.
903 2278 1055 2343 parte
1104 2274 1380 2344 Sagittarii
1429 2276 1748 2342 quicumque
1787 2275 1953 2327 habu-

261 2349 398 2400 erint
452 2348 827 2418 horoscopum,
881 2352 1037 2400 erunt
1091 2349 1260 2401 invidi
1313 2349 1530 2417 pthisici
1588 2349 1701 2401 sine
1763 2349 1951 2418 gratia,

260 2440 403 2474 mors
451 2441 575 2474 vero
631 2423 869 2489 ipsorum
918 2441 948 2473 a
994 2422 1193 2475 bestiis,
1273 2422 1471 2485 Quodsi
1525 2422 1669 2474 Mars
1725 2424 1780 2474 in
1836 2423 1952 2491 ipsa
1974 2445 2018 2477 30

258 2499 411 2562 parte
450 2496 613 2547 fuerit
653 2497 915 2562 inventus,
956 2499 1112 2547 erunt
1152 2496 1507 2566 oligochronii
1549 2496 1662 2547 sine
1701 2496 1842 2548 filiis.

380 2619 401 2654 1
438 2610 690 2666 confligent
714 2613 817 2668 AG]
853 2612 1118 2667 confingent
1142 2616 1179 2653 A
1301 2616 1325 2653 5
1359 2612 1407 2654 in
1435 2611 1693 2668 peregrinis
1718 2611 1832 2655 locis
1864 2625 1948 2655 om.

259 2672 297 2711 A
358 2673 364 2722 Ι
420 2685 464 2725 p.
500 2670 658 2713 XXIII.
695 2670 735 2712 S.
770 2676 812 2714 et
844 2674 877 2711 G
924 2670 1085 2713 XXIII.
1119 2686 1164 2726 p.
1199 2670 1241 2713 S.
1276 2674 1312 2712 A
1435 2675 1458 2712 7
1492 2672 1598 2714 hinc
1629 2671 1763 2726 parte
1796 2669 1949 2726 Sagit-

258 2729 366 2771 tarii
400 2735 439 2772 et
473 2732 506 2770 G
552 2728 657 2785 Sag.
690 2744 734 2784 p.
766 2729 889 2773 solus
913 2728 965 2770 A'
1088 2734 1139 2772 11
1177 2729 1267 2772 Sed
1299 2744 1381 2772 om.
1411 2732 1458 2772 Γ
1574 2733 1628 2773 14
1659 2729 1948 2772 tumulentus

260 2792 342 2828 GN
455 2794 507 2830 21
534 2788 752 2831 habuerit
775 2792 859 2829 AD
978 2792 1032 2830 22
1060 2789 1164 2831 add.
1191 2793 1229 2830 N
1253 2790 1336 2831 Zac.
1363 2789 1501 2832 indic.
1527 2793 1603 2832 cet.
1632 2790 1638 2843 Ι
1666 2802 1771 2831 vero
1797 2801 1879 2831 om.
1906 2791 1945 2831 A

319 2850 373 2889 23
401 2848 447 2889 et
470 2847 659 2901 quidem
685 2850 724 2890 Δ
759 2847 951 2901 quidam
973 2861 1001 2887 v
1036 2846 1115 2902 qui
1141 2847 1198 2889 de
1222 2864 1250 2890 κ
1278 2847 1284 2904 Ι
1312 2847 1495 2902 plagati
1518 2851 1599 2888 DG
1624 2846 1884 2903 (dilacerati
1909 2850 1946 2899 ζ)

260 2910 313 2945 24
348 2906 607 2948 moriuntur
632 2908 671 2948 Δ
788 2910 841 2947 27
876 2905 972 2948 1101.
999 2906 1103 2948 hab.
1134 2908 1179 2948 Γ
1223 2908 1228 2962 Ι
1279 2906 1501 2962 gibbosus
1527 2907 1566 2948 A
1689 2909 1743 2947 29
1778 2905 1947 2960 phisici

258 2978 368 3006 corr.
397 2978 457 3006 κσ
579 2969 633 3007 30
667 2963 827 3022 <erit>
861 2964 1065 3020 ipsorum
1099 2967 1122 3016 ζ
1143 2970 1387 3020 praeeunte
1418 2965 1625 3020 ipsorum
1658 2964 1817 3022 (erit)
1850 2969 1887 3005 A
