2066 3192
764 134 827 179 VI
861 139 930 190 15,
956 138 1130 189 ιε’-16,
1155 146 1188 179 2.
1712 132 1815 186 107

130 256 213 308 nis
253 255 492 326 corporis
534 255 706 308 forma
738 255 961 308 vitiosae
993 255 1344 326 aegritudinis
1376 253 1676 307 calamitate
1707 273 1819 306 mu-

129 333 295 400 tatur,
341 333 434 383 aut
479 330 680 383 clarum
728 329 1005 384 oculorum
1050 330 1234 382 lumen
1278 330 1499 382 miserae
1547 328 1818 382 caecitatis

128 404 359 457 tenebris
398 404 761 458 obumbratur.
829 402 982 458 Alios
1015 404 1094 456 sic
1124 402 1291 473 positi
1321 403 1558 456 deserere
1589 403 1817 473 patriam

128 479 273 531 varia
311 479 672 548 periculorum
710 478 1025 532 necessitate
1065 480 1388 547 conpellunt.

83 633 103 666 5
815 623 818 626 ’
901 609 1045 664 XVI.

241 700 559 771 [Iuppiter
590 704 650 754 et
680 701 845 754 Mars
877 700 1210 771 diametri]
1253 699 1311 754 Si
1334 699 1576 770 Iuppiter
1599 703 1653 753 et
1676 700 1819 753 Mars
1841 701 1867 752 1

129 775 387 829 diametra
417 795 472 829 se
502 775 797 828 radiatione
828 775 1174 845 respexerint,
1211 779 1265 828 et
1295 775 1351 828 in
1384 775 1666 828 contrariis
1698 793 1818 828 con·

128 850 306 903 stituti
358 850 490 904 locis
542 850 706 921 longa
760 869 814 903 se
867 849 1095 903 invicem
1143 849 1293 920 [sibi]
1349 849 1618 902 radiorum
1666 850 1819 919 <suo-

0 982 1 989 Ὶ
126 923 282 992 rum>
304 927 570 994 potestate
602 925 945 993 pulsaverint,
977 943 1188 977 omnem
1219 924 1362 978 vitae
1386 923 1818 992 inaequalitatem

0 1017 1 1068 j
62 1020 103 1052 10
127 1001 180 1052 et
226 999 536 1068 patrimonii
580 999 959 1054 lacerationem
1006 999 1217 1052 assidua
1262 998 1468 1052 ratione
1516 998 1819 1052 decernunt.

128 1071 232 1126 Sed
270 1076 324 1126 et
362 1073 603 1126 omnium
642 1074 933 1126 amicorum
975 1092 1040 1125 ex
1079 1073 1183 1126 ista
1220 1073 1515 1126 radiatione
1554 1073 1656 1141 †et
1694 1073 1819 1125 assi-

128 1148 245 1200 duis
285 1148 500 1201 offensis
540 1151 726 1201 contra
765 1149 887 1201 illos
928 1148 1110 1200 odium
1151 1149 1464 1217 concitatur,
1505 1150 1557 1200 et
1588 1147 1820 1200 maxima

125 1223 484 1290 periculorum
526 1222 835 1276 discrimina
874 1225 966 1274 aut
1005 1240 1069 1274 ex
1109 1221 1433 1275 turbulentis
1467 1222 1821 1274 conversatio-

125 1295 286 1349 nibus
325 1298 454 1367 <aut
492 1296 591 1364 ex>
630 1296 927 1350 temerariis
966 1296 1176 1350 actibus
1214 1297 1530 1350 inferuntur.

62 1390 103 1423 ιε
240 1369 557 1441 [Iuppiter
595 1374 655 1424 et
694 1369 801 1424 Sol
850 1371 1184 1441 diametri]
1256 1370 1313 1423 Si
1351 1369 1595 1440 Iuppiter
1633 1372 1687 1423 et
1727 1368 1871 1422 8012

128 1444 387 1498 diametra
417 1464 472 1498 se
503 1444 798 1499 radiatione
830 1445 1175 1514 respexerint,
1215 1448 1268 1498 et
1299 1445 1356 1498 in
1387 1444 1667 1498 contrariis
1698 1463 1821 1497 con-

128 1518 304 1572 stituti
342 1520 476 1572 locis
522 1520 686 1590 longa
732 1538 786 1573 se
833 1519 1061 1572 invicem
1108 1519 1378 1573 radiorum
1417 1538 1634 1572 suorum
1674 1522 1821 1588 pote-

127 1596 262 1646 state
312 1594 664 1663 pulsaverint,
718 1597 966 1663 paternas
1020 1594 1303 1647 facultates
1357 1594 1566 1646 miseris
1617 1593 1820 1646 faciunt

126 1668 541 1721 lacerationibus
589 1668 857 1737 dissipari,
904 1668 996 1721 sed
1043 1672 1096 1721 et
1143 1687 1354 1722 omnem
1399 1669 1560 1721 vitam
1602 1671 1655 1720 et
1701 1667 1822 1720 sub-

61 1762 104 1795 eo
129 1742 381 1795 stantiam
429 1746 482 1796 et
524 1742 887 1811 praecedentis
928 1742 1207 1814 dignitatis
1245 1743 1442 1814 gradus
1482 1742 1690 1796 miseris
1728 1742 1820 1795 ho·

125 1835 316 1869 norum
358 1817 743 1870 deiectionibus
782 1817 1161 1887 minuunt[ur],
1201 1821 1263 1870 ut
1295 1836 1505 1886 semper
1543 1817 1819 1870 inferiores

126 1891 496 1959 praeferantur
541 1891 649 1944 illis
695 1891 913 1945 licentia
958 1892 1255 1961 potestatis.
1335 1891 1438 1945 Sed
1482 1891 1612 1944 haec
1651 1891 1708 1943 in
1747 1890 1821 1942 di-

127 1983 260 2018 urna
305 1966 554 2036 genitura
600 1966 935 2034 minuuntur,
987 1966 1043 2018 in
1088 1970 1352 2020 nocturna
1397 1967 1591 2019 fortius
1632 1983 1820 2018 conva-

127 2038 349 2092 lescunt.

245 2201 306 2256 (2)
339 2197 404 2245 ὦν
434 2201 518 2257 μὲν
549 2200 635 2258 γὰρ
669 2200 714 2245 οἱ
746 2200 987 2273 ὀφθαλμοὶ
1012 2201 1328 2257 ἠμαύρωνται,
1362 2203 1424 2259 (1)
1458 2196 1524 2246 ὧν
1549 2199 1600 2245 δὲ
1625 2199 1683 2244 τὰ
1709 2199 1818 2256 μέλη

129 2261 345 2303 κλῶνται·
381 2259 497 2304 ἔνιοι
530 2259 580 2305 δὲ
611 2265 693 2316 τῆς
723 2257 948 2315 πατρίδος
979 2260 1315 2314 ἐξελαύνονται.
1448 2265 1473 2304 9
1509 2264 1696 2315 171,12
1727 2267 1817 2303 πᾶ-

56 2339 61 2346 ·
129 2333 215 2362 σαν
248 2317 518 2375 ἀνωμαλίαν
551 2320 628 2363 καὶ
661 2319 878 2364 σκέδασιν
910 2326 992 2364 τοῦ
1024 2317 1128 2379 βίου
1161 2327 1360 2365 ποιεῖται
1394 2319 1473 2364 καὶ
1513 2336 1622 2371 τους
1654 2317 1820 2375 φίλους

129 2378 328 2452 ἐχθροὺς
365 2385 502 2433 ποιεῖ,
538 2413 546 2421 .
596 2379 694 2424 ,ἐκ
732 2376 1008 2433 προπετείας
1046 2379 1096 2423 δὲ
1136 2380 1217 2423 καὶ
1256 2381 1306 2424 ἐκ
1348 2386 1552 2453 ταραχῆς
1591 2382 1820 2437 λογισμῶν

127 2435 318 2495 θλίψεις
350 2436 576 2494 σημαίνει
730 2443 784 2482 18
818 2442 920 2492 171,
943 2443 1005 2483 25
1044 2446 1141 2490 τοῖς
1179 2447 1421 2494 πατρικοῖς
1460 2437 1687 2494 κτήμασιν
1721 2437 1817 2483 ὀλέ-

128 2499 283 2551 θριον,
315 2499 407 2553 (21)
439 2498 518 2540 καὶ
551 2496 575 2542 ὁ
608 2504 718 2548 παῖς
749 2496 1118 2554 ὑποτεταγμένος
1150 2498 1275 2544 ἔσται
1308 2499 1447 2554 ἀνδρὶ
1482 2497 1702 2542 ἐλάττονι.

248 2649 272 2687 6
312 2644 490 2701 Iupiter
522 2646 569 2688 et
599 2645 723 2689 Mars
756 2645 795 2689 si
828 2648 866 2689 Δ
1021 2650 1046 2689 8
1084 2647 1165 2690 del.
1201 2650 1273 2688 Aa.
1330 2650 1335 2700 Ι
1393 2646 1500 2690 add.
1536 2649 1558 2698 ζ
1708 2649 1732 2688 9
1765 2660 1820 2690 ne

127 2705 327 2748 conicias
358 2704 508 2748 omnis
539 2705 595 2759 cf.
632 2704 779 2749 Catal.
837 2706 843 2760 Ι
900 2705 1337 2760 inaequabilitatem
1371 2708 1409 2749 Δ
1577 2709 1627 2747 11
1663 2704 1819 2748 radia-

129 2762 256 2806 tione
289 2763 350 2821 Δ]
396 2763 625 2807 rationem
661 2766 707 2807 Γ
732 2765 858 2819 (·one
890 2763 958 2820 A')
1017 2770 1023 2820 Ι
1081 2766 1128 2808 et
1157 2779 1237 2810 sec.
1271 2765 1353 2809 del.
1389 2777 1435 2815 σς
1483 2765 1662 2820 supplet
1699 2765 1819 2808 velut

130 2821 449 2866 destituuntur
481 2821 726 2866 affectibus
758 2826 782 2875 ζ
902 2828 957 2866 14
989 2823 1095 2867 add.
1121 2840 1149 2866 a
1272 2828 1324 2867 17
1359 2837 1545 2867 suorum
1577 2837 1660 2866 om.
1687 2825 1726 2866 A

136 2885 185 2924 19
225 2881 349 2926 vitae
382 2881 692 2925 substantiam
724 2898 751 2924 a
904 2886 956 2926 21
992 2883 1074 2927 del.
1108 2899 1134 2925 a
1191 2885 1197 2939 Ι
1254 2882 1497 2926 inferiores
1531 2881 1701 2942 ARN]
1748 2881 1817 2925 in·

129 2939 374 2984 ferioribus
