2090 3198
758 133 865 178 VIII
897 138 967 189 26,
994 138 1167 190 10-27‚
1194 148 1225 178 1.
1729 135 1836 206 339

146 255 371 324 plebunt
417 254 598 308 omnia
644 271 1012 323 quaecumque
1062 254 1171 306 illis
1218 254 1419 307 fuerint
1464 254 1521 308 in
1566 255 1836 325 legatione

146 329 409 383 mandata.
489 327 898 397 Consequentur
936 345 1170 395 munera,
1210 329 1298 381 sed
1339 328 1614 382 habebunt
1652 329 1708 381 in
1746 348 1835 382 ne-

146 403 387 456 cessariis
419 402 666 471 partibus
699 403 938 471 corporis
969 401 1178 454 vitium.
1233 400 1293 453 In
1320 405 1473 471 parte
1496 401 1662 455 XXX.
1682 401 1835 456 Scor·
1856 404 1924 456 14

144 478 220 545 pii
284 477 607 546 quicumque
668 476 954 530 habuerint
1014 475 1392 545 horoscopum,
1454 481 1610 530 erunt
1669 476 1834 530 Marsi

100 573 118 604 5
143 551 364 603 venefici
410 551 478 602 ad
521 568 677 603 neces
723 550 1003 603 hominum
1049 567 1252 603 venena
1299 550 1585 616 vendentes
1595 593 1609 619 ,
1662 555 1723 604 ut
1769 569 1833 603 ex

142 625 248 678 isto
289 624 467 677 studio
506 626 705 678 multos
745 624 1083 677 interficiant.
1161 623 1338 677 Erunt
1385 643 1509 678 sane
1554 625 1831 678 mendaces

140 699 269 751 mali
307 698 579 752 malitiosi.
658 697 861 761 Quodsi
899 697 1044 750 Mars
1092 698 1149 750 in
1196 698 1311 767 ipsa
1355 703 1507 767 parte
1553 699 1716 752 fuerit
1755 700 1831 751 in-

139 777 344 840 ventus,
384 776 541 826 erunt
579 776 857 825 venatores
891 771 983 825 sed
1013 771 1330 825 biothanati.
1384 772 1647 826 Adiacent
1679 772 1830 826 Scor·

137 847 227 915 pio
267 847 324 899 in
363 846 549 899 dextra
587 850 738 915 parte
778 845 1090 900 Ofiuchus
1128 850 1182 898 et
1214 845 1478 916 VulpeS‚
1518 848 1570 899 in
1614 847 1830 900 sinistra

71 943 113 974 10
140 920 564 990 Cynocefalus
590 924 643 974 et
667 919 804 973 Ara.
844 919 908 973 In
929 920 1154 973 Ofiucho
1182 921 1275 989 qui
1298 922 1411 973 nati
1434 923 1647 991 fuerint⁷
1673 925 1830 974 erunt

136 995 362 1049 audaces
416 995 611 1064 cuthei,
661 1013 921 1065 praesago
978 995 1274 1047 divinitatis
1329 995 1590 1048 instinctu
1648 996 1828 1048 futura

133 1073 428 1122 noscentes.
504 1068 570 1122 In
614 1069 792 1138 Vulpe
848 1069 940 1137 qui
994 1068 1108 1121 nati
1163 1069 1382 1138 fuerint,
1437 1075 1591 1123 erunt
1645 1070 1825 1122 callidi
1847 1070 1914 1123 15

133 1143 460 1196 fraudulenti
500 1143 987 1211 circumscriptores
1027 1143 1407 1212 cordatissimi‚
1455 1144 1712 1197 habentes
1751 1145 1825 1196 vi—

133 1222 219 1270 tae
258 1217 496 1270 subsidia
537 1238 562 1265 *
584 1239 607 1265 *
630 1238 655 1265 »ι
697 1236 724 1270 e
764 1220 934 1270 terrae
974 1218 1182 1269 cultura
1222 1222 1548 1286 quaerentes,
1620 1217 1822 1280 Quodsi

66 1314 107 1346 15
135 1290 395 1344 Saturnus
443 1293 499 1344 in
546 1292 663 1360 ipso
713 1294 832 1344 loco
875 1291 1041 1344 fuerit
1078 1292 1343 1361 inventuS‚
1382 1297 1538 1345 erunt
1577 1290 1823 1345 custodes

131 1368 615 1420 monumentorum.
694 1365 766 1418 Hi
806 1368 983 1418 autem
1024 1365 1322 1418 morientur
1360 1385 1455 1434 per
1495 1367 1690 1419 dolum.
1759 1365 1823 1419 In

133 1439 452 1509 Cynocefalo
502 1441 594 1507 qui
638 1441 753 1492 nati
799 1439 1022 1508 fuerint,
1076 1443 1233 1492 erunt
1286 1440 1526 1493 frenetici
1574 1440 1820 1493 valitudi-

129 1515 266 1566 narii
305 1515 418 1566 sine
455 1514 582 1567 filiis
623 1514 995 1585 oligochronii.
1065 1513 1130 1566 In
1169 1512 1280 1566 Ara
1319 1516 1412 1583 qui
1449 1515 1565 1566 nati
1604 1515 1820 1583 fuerint,

129 1591 284 1640 erunt
321 1588 620 1641 sacerdotes
654 1588 794 1658 [qui]
828 1607 893 1641 ex
925 1588 1202 1641 sacrificiis
1233 1588 1494 1641 habentes
1527 1589 1667 1641 vitae
1701 1588 1819 1642 sub-

60 1684 103 1715 20
128 1662 278 1730 sidia,
317 1662 407 1720 sed
446 1663 648 1731 periuri
688 1666 740 1716 et
778 1662 920 1714 mala
959 1666 1131 1715 morte
1171 1666 1468 1731 pereuntes.

560 1868 783 1922 XXVII.
825 1868 1371 1939 [SAGITTARIUS]

234 1971 297 2025 In
335 1976 486 2042 parte
525 1971 565 2024 I.
600 1971 877 2043 Sagittarii
918 1974 1238 2042 quicumque
1278 1973 1528 2026 habuerit
1563 1973 1812 2027 horosco-
1834 1975 1859 2026 1

122 2066 268 2114 pum,
307 2046 410 2099 erit
446 2046 644 2099 nobilis
685 2047 967 2118 religiosus
1008 2048 1196 2116 iustus,
1235 2051 1288 2099 et
1320 2048 1403 2099 cui
1436 2047 1669 2100 maxima
1700 2049 1812 2117 glo-

123 2122 231 2172 riae
288 2121 631 2173 conferantur
683 2121 929 2191 insignia.
1008 2120 1208 2183 Quodsi
1254 2122 1501 2174 benivola
1555 2123 1710 2174 stella
1756 2123 1812 2174 in

56 2216 96 2247 25
124 2196 239 2263 ipsa
276 2191 427 2263 parte
466 2195 630 2247 fuerit
667 2195 899 2263 inventa,
937 2196 1096 2247 faciet
1128 2213 1279 2265 reges
1312 2197 1396 2248 vel
1428 2214 1616 2265 regum
1648 2212 1842 2264 pro-soz.
1858 2208 1938 2241 1111’
1950 2211 1990 2242 II

238 2404 262 2441 3
297 2398 477 2453 Scorpii
510 2403 582 2441 Gv
622 2398 732 2442 Scor
763 2403 800 2441 A
944 2404 968 2442 9
1003 2398 1257 2455 Ophiolcus
1290 2402 1441 2455 (-ucus
1473 2400 1532 2442 113ξ
1562 2401 1649 2455 iot).
1713 2401 1806 2443 Ad-

118 2459 242 2501 iacet
272 2458 321 2500 in
354 2458 517 2500 dextra
550 2459 689 2514 (-tera
718 2460 771 2514 D)
805 2458 1068 2514 Scorpionis
1101 2461 1235 2515 parte
1265 2459 1428 2518 vulpes
1461 2462 1500 2502 Δ
1550 2459 1736 2502 adiacet
1766 2466 1807 2504 et

121 2519 167 2561 Γ
199 2532 312 2562 corr.
346 2533 373 2559 a
427 2515 612 2560 Ofiucus
646 2521 683 2559 Δ
738 2517 941 2561 Ofiulcus
975 2522 1009 2559 G
1191 2522 1245 2561 10
1280 2517 1437 2562 Ofiuco
1468 2523 1506 2560 A
1560 2517 1736 2562 Ofiulco
1771 2524 1805 2561 G

117 2576 345 2632 Ophiulco
369 2580 405 2618 1)
438 2574 664 2631 Ophiolco
688 2580 727 2618 R
849 2582 899 2619 11
935 2576 1102 2621 erithei
1134 2581 1171 2619 A
1202 2582 1242 2621 et
1272 2592 1345 2622 uv.
1380 2582 1415 2620 G
1548 2582 1602 2619 14
1635 2578 1801 2621 lacuna

116 2637 181 2679 vel
212 2636 285 2679 hic
316 2636 383 2679 vel
414 2640 519 2679 ante
549 2634 775 2678 habentes
805 2637 1049 2680 statuenda
1058 2654 1074 2690 ;
1106 2651 1169 2680 cm
1202 2639 1477 2691 quaerentes
1509 2636 1627 2680 del?
1698 2640 1704 2691 Ι
1778 2651 1801 2680 e

115 2699 264 2738 terrae
311 2694 411 2751 nos]
460 2695 650 2737 aeterna
831 2700 883 2737 17
923 2694 1135 2738 frenetici
1168 2696 1273 2753 AG]
1325 2696 1591 2751 frequenter
1630 2694 1684 2737 A‘

117 2758 168 2796 19
203 2753 284 2809 qui
316 2754 399 2797 del.
433 2756 493 2804 κζ
555 2756 560 2808 Ι
626 2767 680 2795 ex
712 2767 794 2796 om.
829 2757 868 2796 Δ
1013 2759 1069 2798 20
1102 2755 1183 2797 sed
1216 2755 1259 2812 σ]
1293 2758 1402 2798 sunt
1465 2757 1471 2811 Ι
1535 2754 1709 2809 periuri
1740 2756 1797 2812 N]

113 2813 307 2868 perituri
337 2814 420 2855 ΓΙ)
465 2814 470 2867 1
514 2813 662 2855 morte
694 2827 776 2856 om.
802 2813 861 2854 Ι)1
891 2815 1137 2868 pereuntes
1170 2816 1317 2857 morte
1342 2818 1381 2855 N
1513 2818 1567 2855 22
1600 2813 1632 2855 I.
1666 2814 1798 2870 parte

119 2874 162 2914 Γ
214 2878 219 2927 1
278 2871 522 2928 Sagittarii
558 2871 623 2928 Γ]
663 2870 800 2914 huius
832 2871 955 2928 signi
988 2875 1026 2915 Δ
1150 2877 1205 2915 23
1239 2875 1284 2916 et
1316 2886 1399 2916 om.
1434 2875 1472 2915 Δ
1532 2875 1538 2926 1
1595 2872 1797 2915 maxima

116 2931 179 2987 Γ]
215 2944 414 2987 magnae
445 2935 479 2972 D
517 2943 687 2987 inagna
716 2934 755 2972 N
877 2936 931 2973 24
964 2931 1257 2975 conferentur
1288 2946 1398 2975 corr.
1433 2947 1460 2973 a.

1443 3004 1528 3047 22*
