2090 3198
274 154 382 206 338
1007 153 1237 198 FIRMICI

269 278 330 328 et
360 274 504 327 Mars
542 275 599 326 in
638 275 756 343 ipsa
792 277 947 343 parte
984 273 1186 325 fuerint
1223 274 1405 343 positi,
1444 275 1546 327 erit
1584 278 1776 344 potens
1816 275 1966 328 dives

273 350 582 419 longaeVUS,
616 348 701 400 cui
740 350 1029 418 augmenta
1067 347 1343 400 felicitatis
1380 351 1634 417 provecta
1676 351 1847 401 aetate
1879 349 1968 402 de-

115 444 123 458 ·-
189 424 253 475 11
275 426 573 476 cernantun
635 421 808 474 Multa
839 426 1017 474 autem
1048 421 1283 474 filiorum
1317 422 1499 474 sobole
1538 423 1838 475 laetabitur.
1900 421 1967 475 In

270 501 423 566 parte
453 495 648 548 XXIV.
683 495 990 564 Scorpionis
1033 495 1355 564 quicumque
1393 495 1682 548 habuerint
1711 496 1966 550 horosco-

272 590 423 639 pum,
477 587 664 622 avarae
713 569 1023 639 cupiditatis
1068 570 1327 622 instinctu
1375 572 1426 621 et
1473 570 1776 638 paricidalis
1821 571 1966 623 furo·
2011 592 2032 626 ε

272 646 345 696 ris
379 644 610 696 amentia
639 645 830 696 fratres
865 647 989 696 suos
1020 643 1358 709 interficient,
1383 644 1476 696 sed
1508 647 1562 696 et
1593 645 1698 713 ipsi
1729 645 1964 698 violenta

207 761 210 763 .
271 722 444 770 morte
483 719 793 771 morientur.
870 717 934 770 In
972 721 1124 786 parte
1163 717 1331 770 XXV.
1373 716 1683 787 Scorpionis
1724 719 1964 787 quicum-

273 810 375 862 que
412 792 662 844 habuerit
699 792 1077 860 horoscopum,
1117 792 1161 843 si
1191 791 1337 844 Mars
1377 791 1435 843 in
1473 793 1589 861 ipsa
1621 796 1771 860 parte
1801 793 1966 845 fuerit

272 868 537 934 inventUS,
583 867 668 918 vel
705 884 801 935 per
840 866 1157 918 diametrum
1195 867 1281 918 vel
1323 884 1418 934 per
1458 867 1778 934 quadratum
1818 868 1965 920 iunc-

186 942 252 993 12
271 944 381 1009 tus,
421 941 535 1010 igni
575 940 911 993 cremabitur.
975 938 1041 991 In
1085 946 1235 1007 parte
1267 939 1462 992 XXVI.
1497 939 1807 1009 Scorpionis
1847 941 1961 1009 qui·
1986 963 2030 995 10

271 1032 499 1083 cumque
530 1015 815 1066 habuerint
846 1013 1222 1082 horoscopum,
1254 1017 1409 1066 erunt
1442 1017 1680 1067 oratores
1719 1015 1964 1067 advocati

271 1089 479 1156 medici,
517 1088 610 1141 sed
650 1106 784 1156 quos
822 1087 1173 1156 professionis
1213 1106 1338 1140 suae
1383 1088 1634 1141 nobilitet
1673 1089 1962 1158 ingenium.

273 1163 405 1214 Cum
467 1162 774 1215 testimonio
838 1162 1205 1215 benivolarum
1264 1164 1540 1214 stellarum
1602 1163 1710 1215 illis
1763 1163 1963 1233 legatio

271 1237 473 1305 patriae
514 1237 770 1290 credetur.
849 1235 952 1288 Sed
992 1236 1049 1288 hi
1097 1236 1299 1288 offenso
1346 1254 1471 1307 rege
1510 1238 1820 1289 morientur.
1897 1236 1964 1288 In

270 1314 423 1380 parte
454 1309 677 1363 XXVII.
712 1309 1022 1379 Scorpionis
1064 1312 1389 1378 quicumque
1428 1310 1677 1363 habuerit
1714 1310 1963 1364 horosco-
1989 1332 2030 1365 15

87 1396 281 1440 sohmvl
303 1404 449 1453 pum,
481 1389 759 1453 praesente
783 1384 991 1437 Venere
1025 1387 1078 1436 et
1107 1383 1251 1453 Iove,
1283 1384 1385 1436 erit
1426 1385 1572 1436 dives
1612 1385 1783 1437 iustus
1824 1403 1962 1437 ama—

273 1458 395 1511 bilis
434 1460 740 1529 longaeVUS,
775 1459 1065 1510 multarum
1100 1458 1386 1511 mulierum
1419 1476 1598 1511 amore
1628 1462 1961 1527 praeventus,

272 1531 375 1585 Sed
406 1533 533 1585 huic
564 1551 819 1602 processu
839 1534 1039 1585 aetatis
1073 1535 1359 1602 augmenta
1387 1532 1664 1585 felicitatis
1697 1533 1962 1585 accedent.

271 1606 376 1659 Hic
430 1608 486 1659 in
534 1607 710 1676 patria
765 1625 860 1658 sua
916 1606 1129 1676 [aetatis
1185 1606 1333 1675 suae]
1390 1610 1676 1676 augmenta
1729 1606 1963 1658 maxima

185 1681 252 1734 13
272 1685 625 1749 consequetur
671 1681 873 1751 gloriae
921 1684 974 1733 et
1021 1680 1312 1750 dignitatis
1392 1678 1457 1732 In
1509 1684 1679 1749 parte=
1706 1679 1958 1733 XXVIII.
1984 1702 2028 1734 20

272 1753 484 1823 Scorpii
516 1756 836 1822 quicumque
866 1754 1151 1806 habuerint
1181 1755 1558 1823 horoscopum,
1599 1757 1754 1807 erunt
1794 1754 1961 1806 strabi

270 1847 499 1896 quorum
538 1846 816 1898 perversos
857 1828 1040 1880 oculos
1082 1831 1235 1880 ornet
1273 1828 1415 1880 bona
1446 1829 1620 1898 gratia
1650 1830 1958 1881 venustatis,

268 1903 445 1955 Erunt
499 1920 624 1955 sane
676 1902 1025 1972 negligentes,
1103 1901 1306 1964 Quodsi
1353 1902 1497 1954 Mars
1544 1903 1600 1953 in
1649 1903 1767 1970 ipsa
1809 1905 1960 1970 parte

269 1978 446 2044 fuerit,
478 1976 846 2045 profusionem
881 1977 1155 2046 sanguinis
1189 1977 1475 2044 patientur.
1540 1976 1765 2038 Quidam
1802 1980 1959 2028 erunt

270 2050 606 2119 elephantici,
661 2050 877 2118 quidam
931 2050 1189 2102 frenetici.
1268 2049 1325 2102 Si
1371 2068 1495 2102 vero
1548 2051 1705 2119 plena
1754 2050 1957 2103 lumine
1982 2072 2023 2104 25

268 2125 420 2177 Luna
458 2125 661 2177 feratur
701 2125 766 2176 ad
804 2123 1047 2192 Martem,
1089 2144 1206 2172 κα*
1283 2123 1345 2176 In
1383 2127 1533 2192 parte
1573 2123 1764 2176 XXIX.
1807 2123 1958 2176 Scor-

268 2200 444 2267 pionis
493 2199 813 2267 quicumque
860 2199 1145 2250 habuerint
1193 2198 1568 2267 horoscopum,
1617 2202 1772 2251 erunt
1803 2198 1959 2250 advo-

269 2274 374 2325 cati
427 2273 707 2342 sapientes
785 2271 989 2334 Quodsi
1042 2272 1292 2325 benivola
1339 2274 1492 2324 stella
1539 2272 1594 2324 in
1642 2273 1760 2341 ipsa
1806 2276 1957 2339 parte

268 2348 431 2399 fuerit
461 2347 690 2414 inventa,
721 2346 886 2415 legati
917 2347 1197 2398 mittentur
1229 2346 1295 2397 ad
1327 2347 1717 2414 imperatorem,
1751 2349 1803 2403 et
1836 2363 1956 2398 con-

389 2542 411 2578 1
447 2536 578 2578 divus
611 2542 684 2578 Dv
820 2541 844 2577 2
880 2536 1000 2594 <in>
1033 2551 1099 2591 pr.
1135 2538 1222 2579 aet.
1257 2552 1284 2578 a
1341 2538 1347 2592 1
1406 2536 1717 2580 decernuntur
1746 2538 1832 2578 AA
1879 2535 1956 2578 de-

270 2596 515 2638 cernentur
547 2600 617 2637 Gv
648 2609 760 2638 corr.
795 2610 822 2637 a
974 2599 998 2636 3
1033 2596 1190 2638 autem
1221 2609 1305 2639 om.
1340 2598 1379 2638 Δ
1533 2600 1559 2637 4
1592 2593 1771 2650 Scorpii
1804 2598 1838 2636 G

270 2659 295 2696 5
327 2653 598 2709 parricidali
629 2658 705 2696 Nv
737 2653 918 2710 (panio.
952 2668 1068 2697 omn.
1103 2655 1247 2711 codd.)
1399 2659 1423 2697 6
1467 2656 1514 2697 et
1545 2668 1627 2698 om.
1658 2656 1704 2697 Γ
1848 2656 1872 2694 9
1906 2653 1955 2695 in

270 2713 497 2756 diametro
523 2713 594 2755 vel
618 2712 666 2755 in
692 2713 922 2769 quadrato
948 2718 989 2755 Δ
1114 2717 1167 2755 10
1200 2713 1307 2769 igne
1338 2711 1391 2755 A'
1515 2717 1568 2756 18
1601 2712 1830 2756 accedunt
1853 2714 1893 2754 Δ

271 2777 324 2814 19
358 2772 532 2829 patria]
564 2773 718 2827 prima
749 2772 799 2813 A'
859 2775 864 2828 Ι
923 2772 1005 2815 del.
1032 2775 1056 2822 ζ
1078 2774 1206 2827 (suae
1231 2786 1314 2815 om.
1340 2776 1377 2813 A
1410 2773 1565 2815 aetate
1589 2773 1671 2827 va)
1793 2775 1846 2813 21
1883 2770 1952 2813 Sc.

268 2845 313 2885 p.
339 2835 375 2872 A
423 2833 428 2885 l
480 2830 659 2886 Scorpii
685 2835 756 2886 (ᾖν
788 2830 898 2874 Scor
921 2834 958 2871 A
1009 2832 1014 2885 Ι
1064 2830 1261 2874 strambi
1284 2836 1319 2872 D
1352 2830 1550 2873 stranibi
1578 2835 1611 2872 G
1724 2834 1780 2872 25
1812 2829 1953 2884 plena

269 2890 323 2945 A]
369 2890 550 2932 minuta
581 2892 620 2932 Δ
663 2903 745 2933 om.
781 2894 815 2931 G
987 2894 1042 2932 26
1074 2889 1205 2932 Luna
1236 2904 1319 2934 om.
1353 2893 1389 2931 A
1447 2893 1453 2945 Ι
1512 2891 1593 2933 lac.
1627 2889 1764 2932 indic.
1799 2893 1834 2930 D

271 2953 322 2990 27
355 2948 596 2991 habebunt
627 2951 665 2990 Δ
