2078 3174
218 128 325 181 136
951 126 1181 171 FIRMIGI

213 249 379 302 fuerit
415 251 680 317 inventus,
722 248 947 301 miserae
985 249 1175 301 mortis
1215 249 1451 302 decernit
1488 249 1726 302 exitium.
1803 248 1908 303 Sed

214 327 343 376 tunc
395 323 680 376 iudicantis
735 322 1192 375 animadversione
1245 322 1577 392 plectuntur,
1640 340 1761 376 cum
1821 323 1909 378 his

217 397 466 451 omnibus
507 397 570 449 de
610 396 867 464 quadrato
908 396 1207 449 Mercurius
1247 397 1541 450 accesserit.

131 471 198 524 13
328 470 386 524 Si
424 471 567 523 Mars
613 470 671 523 in
715 471 1016 539 horoscopo
1062 470 1330 539 partiliter
1365 470 1528 524 fuerit
1569 472 1910 540 constitutuS,

217 549 271 598 et
321 564 442 598 eum
495 545 557 597 de
608 562 797 597 occasu
846 544 900 597 id
947 547 1034 597 est
1070 544 1208 612 <de>
1252 545 1511 598 diametro
1560 543 1704 598 Iovis
1756 548 1911 599 stella
1955 567 1978 601 ⁵

215 619 480 689 respiciat,
524 618 764 688 pericula
809 621 862 670 et
909 618 1295 671 sollicitudines
1342 622 1395 671 et
1442 619 1650 672 dolores
1685 619 1794 672 ista
1830 638 1910 672 ra-

195 694 382 745 diatio
422 692 479 745 in
517 693 693 745 media
731 691 967 745 decernit
1006 695 1199 758 aetate,
1238 692 1476 761 pericula
1514 696 1691 746 autem
1730 711 1796 746 ex
1834 711 1911 746 se-

218 767 513 819 ditionibus
553 770 606 818 et
646 785 711 818 ex
749 766 945 836 turbis3
986 766 1077 819 sed
1117 769 1169 818 et
1209 784 1394 819 causas
1434 770 1486 820 et
1525 767 1717 820 damna
1747 767 1912 819 simili

217 842 423 894 ratione
465 840 719 910 perficiet.
798 838 903 892 Sed
948 840 1034 892 his
1080 843 1204 908 post
1242 841 1415 893 multa
1451 841 1592 894 vitae
1631 842 1911 912 naufragia

217 915 394 968 felicia
445 915 802 967 decernuntur
851 917 1094 983 tempora
1143 916 1446 969 senectutis,
1523 914 1731 968 Uxores
1784 933 1910 968 vero
1936 937 1982 971 ιο

217 992 311 1042 aut
356 989 577 1042 ancillas
625 991 718 1040 aut
763 991 1045 1058 provectae
1086 988 1236 1041 dabit
1275 989 1464 1041 aetatis
1472 1030 1487 1057 ‚
1536 992 1630 1041 aut
1667 989 1912 1057 publicas

216 1063 604 1132 <meretrices>‚
651 1065 743 1115 aut
783 1061 1008 1114 alicuius
1041 1064 1170 1115 artis
1210 1065 1500 1116 tractantes
1541 1064 1729 1116 officia.
1810 1062 1915 1116 Sed

217 1156 315 1190 nec
360 1137 587 1190 fratrum
634 1137 692 1188 in
738 1137 919 1188 eadem
960 1136 1174 1189 civitate
1212 1136 1422 1207 integer
1458 1155 1711 1190 numerus
1749 1156 1915 1190 reser-

217 1218 397 1280 vatur,
451 1211 542 1264 sed
596 1228 778 1262 omnes
833 1210 1023 1263 fratres
1079 1211 1144 1262 ab
1199 1211 1285 1263 his
1340 1214 1433 1264 aut
1485 1212 1914 1282 peregrinatione

219 1289 533 1355 separantur
571 1289 664 1337 aut
701 1288 886 1337 morte.
1937 1307 1980 1341 15

135 1360 202 1412 14
332 1359 389 1413 Si
424 1359 577 1412 Luna
623 1360 679 1410 in
718 1359 899 1426 aliquo
940 1358 1151 1411 cardine
1193 1359 1488 1412 constituta
1526 1358 1670 1412 Mars
1709 1359 1768 1412 in
1807 1359 1914 1412 dia-

219 1437 390 1487 metro
437 1434 646 1503 positus
693 1433 796 1501 †et
842 1433 906 1484 ad
956 1432 1247 1486 Saturnum
1295 1452 1321 1482 *
1340 1452 1366 1481 ,ιε
1386 1453 1435 1501 201,
1495 1435 1582 1486 vel
1627 1434 1685 1486 in
1732 1434 1915 1487 eadem

220 1511 372 1578 parte
410 1507 574 1560 fuerit
611 1508 859 1559 inventus
868 1549 881 1574 ,
928 1507 1013 1558 vel
1050 1506 1411 1576 horoscopum
1454 1526 1517 1560 ex
1557 1508 1662 1560 alio
1702 1507 1915 1560 cardine

221 1585 447 1651 aequata
496 1581 663 1650 partis
713 1580 1010 1633 radiatione
1059 1581 1334 1650 respiciat,
1386 1580 1632 1650 Iuppiter
1680 1599 1806 1635 vero
1856 1581 1915 1634 in

221 1655 312 1709 VI.
361 1656 426 1708 ab
473 1656 773 1723 horoscopo
819 1655 938 1708 loco
985 1655 1072 1707 vel
1117 1655 1174 1706 in
1212 1653 1359 1707 VIII.
1405 1657 1492 1708 vel
1535 1656 1592 1708 in
1631 1654 1748 1708 XII.
1793 1673 1911 1707 cum
1939 1678 1983 1710 20

221 1730 374 1783 Luna
411 1730 573 1782 fuerit
611 1729 885 1798 inventus,
930 1732 1040 1781 tam
1090 1729 1180 1781 diu
1226 1729 1362 1782 vivit
1410 1729 1502 1798 qui
1541 1732 1697 1782 natus
1737 1730 1916 1798 fuerit,

225 1823 386 1873 quam
426 1803 578 1855 Luna
618 1821 737 1856 cum
777 1802 904 1856 Iove
942 1802 1106 1855 fuerit
1144 1803 1373 1855 inventa.
1442 1803 1571 1855 Mox
1601 1803 1754 1855 Luna
1794 1822 1914 1855 cum

221 1878 366 1931 Iovis
404 1878 676 1930 transierit
707 1880 928 1946 partem,
968 1878 1150 1929 statim
1183 1878 1232 1929 ei
1265 1878 1358 1945 qui
1387 1880 1544 1930 natus
1575 1878 1741 1930 fuerit
1771 1895 1915 1930 mors

221 1955 505 2022 properata
545 1952 859 2004 decernitur.

139 2026 206 2080 15
336 2025 394 2078 Si
442 2025 596 2079 Luna
646 2029 698 2078 et
748 2024 841 2077 Sol
892 2025 1146 2094 synodica
1195 2025 1395 2077 fuerint
1443 2023 1739 2078 radiatione
1794 2042 1915 2078 con·
1939 2046 1984 2080 25

224 2101 410 2168 iuncti,
447 2103 500 2152 et
538 2100 595 2151 in
634 2099 819 2152 eodem
859 2099 1013 2168 signo
1053 2100 1193 2151 inter
1228 2097 1406 2151 Solem
1449 2102 1502 2151 et
1531 2099 1738 2152 Lunam
1770 2098 1914 2152 Mars

223 2175 429 2227 medius
476 2173 639 2225 fuerit
685 2174 932 2226 inventus
943 2216 955 2242 ,
1007 2176 1059 2226 et
1106 2191 1194 2225 eos
1243 2172 1307 2226 de
1355 2173 1613 2241 quadrato
1654 2172 1915 2227 Saturnus

223 2249 475 2318 respiciat
529 2250 757 2316 aequata
803 2247 1035 2316 partium
1083 2246 1381 2299 radiatione
1430 2247 1745 2301 coniunctus
1754 2289 1769 2316 7
1823 2247 1916 2316 qui

346 2398 370 2436 3
403 2393 658 2436 Mercurius
691 2393 749 2436 de
781 2393 1007 2448 quadrato
1033 2397 1088 2434 W
1211 2396 1235 2435 5
1267 2392 1317 2435 id
1350 2393 1421 2436 est
1443 2393 1526 2451 κσ]
1557 2392 1719 2436 videns
1758 2394 1765 2448 l
1807 2393 1916 2437 add.

227 2456 251 2506 ζ
382 2458 406 2496 6
440 2452 770 2495 sollicitudinis
801 2456 840 2493 N
973 2456 997 2494 7
1031 2452 1189 2495 autem
1220 2452 1293 2510 W]
1327 2454 1409 2495 aut
1438 2456 1478 2493 N
1614 2456 1638 2494 8
1673 2453 1720 2494 et
1751 2465 1917 2494 causas

227 2513 273 2570 κ]
308 2526 363 2556 ex
396 2525 537 2555 causa
684 2516 735 2554 11
772 2513 854 2554 aut
878 2512 1016 2566 prius
1048 2511 1145 2569 Wb]
1179 2513 1225 2555 et
1254 2515 1381 2562 NWss⁴
1434 2512 1440 2567 Ι
1497 2510 1712 2567 puplicas
1743 2515 1798 2553 W

231 2577 284 2614 12
318 2571 423 2614 add.
457 2575 482 2622 ζ
535 2573 540 2624 Ι
597 2570 845 2613 tractantis
876 2574 979 2611 NW
1102 2575 1155 2613 16
1188 2571 1367 2613 Lunam
1402 2605 1409 2613 .
1438 2605 1446 2613 .
1476 2605 1483 2613 .
1519 2569 1822 2614 constitutam
1853 2569 1917 2612 M.

231 2665 239 2673 .
269 2667 275 2674 .
306 2666 313 2673 .
339 2644 437 2686 pos.
473 2631 555 2672 aut
587 2629 810 2672 Saturnus
844 2628 1045 2684 aspiciat
1074 2629 1148 2672 vel
1181 2643 1205 2672 6
1240 2643 1337 2684 pos
1372 2629 1433 2672 sit
1465 2631 1547 2671 aut
1579 2629 1803 2672 Saturnus
1835 2631 1861 2680 ζ

233 2693 285 2732 17
321 2692 403 2733 Iac.
435 2693 538 2733 stat.
572 2690 596 2741 ζ
626 2690 699 2744 (cf.
734 2702 847 2744 quae
879 2689 907 2731 l.
936 2692 989 2730 19
1002 2701 1063 2744 sq.
1098 2689 1151 2732 de
1183 2690 1349 2733 Lunae
1376 2689 1600 2742 positione
1630 2689 1863 2742 dicuntur)
1907 2688 1910 2744 Ι

230 2748 279 2790 in
311 2749 384 2805 W]
429 2748 489 2791 ad
520 2752 558 2789 N
711 2752 764 2790 18
808 2747 1114 2802 horoscopum
1147 2761 1201 2790 ex
1233 2746 1325 2790 alio
1358 2747 1398 2804 ζ]
1438 2747 1454 2789 i
1486 2745 1732 2802 Ripenalio
1763 2750 1803 2788 N
1832 2746 1917 2788 IRI

230 2807 417 2862 penalio
450 2811 504 2848 W
638 2811 692 2866 19
723 2819 829 2849 vero
862 2820 945 2849 om.
976 2809 1015 2846 N
1148 2811 1203 2849 20
1234 2806 1491 2862 horoscopo
1520 2805 1621 2848 loco
1654 2806 1694 2863 ζ]
1727 2805 1744 2848 i
1775 2804 1915 2860 Ripo-

230 2866 328 2908 loso
354 2870 392 2907 N
427 2865 510 2908 IRI
542 2864 703 2921 poloso
729 2869 783 2907 W
815 2863 1026 2921 (IRIPVS
1058 2865 1267 2921 frequens
1296 2866 1463 2922 sz'ylum
1486 2866 1605 2908 vocis
1634 2864 1919 2919 horoscopus

232 2927 282 2968 in
314 2925 583 2980 quibusdam
613 2925 757 2979 libris)
882 2928 937 2966 24
968 2926 1241 2980 prosperata
1272 2928 1311 2965 N
